<TICKER>,<PER>,<DATE>,<TIME>,<LAST>,<VOL>
US2.CSCO,0,12/12/16,09:30:00,30.140000000,170
US2.CSCO,0,12/12/16,09:30:00,30.140000000,100
US2.CSCO,0,12/12/16,09:30:00,30.170000000,100
US2.CSCO,0,12/12/16,09:30:00,30.170000000,100
US2.CSCO,0,12/12/16,09:30:00,30.170000000,100
US2.CSCO,0,12/12/16,09:30:00,30.170000000,200
US2.CSCO,0,12/12/16,09:30:02,30.140000000,100
US2.CSCO,0,12/12/16,09:30:03,30.180000000,100
US2.CSCO,0,12/12/16,09:30:21,30.140000000,100
US2.CSCO,0,12/12/16,09:30:22,30.150000000,681
US2.CSCO,0,12/12/16,09:30:25,30.150000000,100
US2.CSCO,0,12/12/16,09:30:41,30.140000000,300
US2.CSCO,0,12/12/16,09:30:41,30.140000000,100
US2.CSCO,0,12/12/16,09:30:41,30.140000000,400
US2.CSCO,0,12/12/16,09:30:41,30.140000000,480
US2.CSCO,0,12/12/16,09:30:44,30.150000000,100
US2.CSCO,0,12/12/16,09:30:44,30.150000000,100
US2.CSCO,0,12/12/16,09:30:51,30.160000000,100
US2.CSCO,0,12/12/16,09:30:54,30.170000000,185
US2.CSCO,0,12/12/16,09:30:54,30.170000000,170
US2.CSCO,0,12/12/16,09:31:16,30.160000000,100
US2.CSCO,0,12/12/16,09:31:16,30.160000000,100
US2.CSCO,0,12/12/16,09:31:38,30.150000000,100
US2.CSCO,0,12/12/16,09:31:44,30.150000000,100
US2.CSCO,0,12/12/16,09:31:47,30.150000000,100
US2.CSCO,0,12/12/16,09:31:47,30.150000000,200
US2.CSCO,0,12/12/16,09:31:50,30.150000000,100
US2.CSCO,0,12/12/16,09:31:50,30.150000000,100
US2.CSCO,0,12/12/16,09:31:50,30.150000000,100
US2.CSCO,0,12/12/16,09:31:50,30.150000000,100
US2.CSCO,0,12/12/16,09:31:54,30.160000000,100
US2.CSCO,0,12/12/16,09:31:54,30.160000000,200
US2.CSCO,0,12/12/16,09:31:57,30.160000000,100
US2.CSCO,0,12/12/16,09:31:57,30.160000000,300
US2.CSCO,0,12/12/16,09:31:59,30.150000000,200
US2.CSCO,0,12/12/16,09:32:00,30.150000000,100
US2.CSCO,0,12/12/16,09:32:00,30.150000000,100
US2.CSCO,0,12/12/16,09:32:00,30.160000000,100
US2.CSCO,0,12/12/16,09:32:04,30.160000000,100
US2.CSCO,0,12/12/16,09:32:27,30.160000000,100
US2.CSCO,0,12/12/16,09:32:29,30.150000000,100
US2.CSCO,0,12/12/16,09:32:31,30.150000000,100
US2.CSCO,0,12/12/16,09:32:37,30.150000000,100
US2.CSCO,0,12/12/16,09:32:37,30.150000000,100
US2.CSCO,0,12/12/16,09:32:37,30.150000000,100
US2.CSCO,0,12/12/16,09:32:41,30.150000000,200
US2.CSCO,0,12/12/16,09:32:41,30.150000000,100
US2.CSCO,0,12/12/16,09:32:44,30.160000000,100
US2.CSCO,0,12/12/16,09:32:44,30.160000000,295
US2.CSCO,0,12/12/16,09:32:44,30.160000000,500
US2.CSCO,0,12/12/16,09:32:44,30.170000000,200
US2.CSCO,0,12/12/16,09:32:45,30.170000000,100
US2.CSCO,0,12/12/16,09:32:45,30.170000000,100
US2.CSCO,0,12/12/16,09:32:45,30.170000000,300
US2.CSCO,0,12/12/16,09:32:45,30.170000000,100
US2.CSCO,0,12/12/16,09:32:45,30.170000000,100
US2.CSCO,0,12/12/16,09:32:49,30.160000000,100
US2.CSCO,0,12/12/16,09:32:50,30.160000000,100
US2.CSCO,0,12/12/16,09:32:51,30.170000000,100
US2.CSCO,0,12/12/16,09:32:53,30.180000000,100
US2.CSCO,0,12/12/16,09:32:53,30.180000000,290
US2.CSCO,0,12/12/16,09:32:53,30.180000000,346
US2.CSCO,0,12/12/16,09:32:53,30.180000000,200
US2.CSCO,0,12/12/16,09:32:53,30.180000000,100
US2.CSCO,0,12/12/16,09:32:58,30.180000000,100
US2.CSCO,0,12/12/16,09:32:59,30.180000000,100
US2.CSCO,0,12/12/16,09:33:01,30.180000000,500
US2.CSCO,0,12/12/16,09:33:04,30.170000000,300
US2.CSCO,0,12/12/16,09:33:04,30.170000000,500
US2.CSCO,0,12/12/16,09:33:04,30.180000000,100
US2.CSCO,0,12/12/16,09:33:04,30.180000000,100
US2.CSCO,0,12/12/16,09:33:04,30.180000000,200
US2.CSCO,0,12/12/16,09:33:04,30.180000000,600
US2.CSCO,0,12/12/16,09:33:12,30.160000000,100
US2.CSCO,0,12/12/16,09:33:12,30.160000000,400
US2.CSCO,0,12/12/16,09:33:14,30.150000000,100
US2.CSCO,0,12/12/16,09:33:14,30.150000000,100
US2.CSCO,0,12/12/16,09:33:25,30.150000000,100
US2.CSCO,0,12/12/16,09:33:25,30.150000000,100
US2.CSCO,0,12/12/16,09:33:29,30.160000000,100
US2.CSCO,0,12/12/16,09:33:30,30.170000000,100
US2.CSCO,0,12/12/16,09:33:36,30.170000000,100
US2.CSCO,0,12/12/16,09:33:36,30.170000000,100
US2.CSCO,0,12/12/16,09:33:40,30.150000000,100
US2.CSCO,0,12/12/16,09:33:45,30.155000000,100
US2.CSCO,0,12/12/16,09:33:48,30.145000000,100
US2.CSCO,0,12/12/16,09:33:48,30.140000000,300
US2.CSCO,0,12/12/16,09:33:51,30.150000000,100
US2.CSCO,0,12/12/16,09:33:52,30.150000000,155
US2.CSCO,0,12/12/16,09:33:54,30.150000000,100
US2.CSCO,0,12/12/16,09:34:03,30.155000000,100
US2.CSCO,0,12/12/16,09:34:08,30.150000000,100
US2.CSCO,0,12/12/16,09:34:18,30.140000000,100
US2.CSCO,0,12/12/16,09:34:20,30.140000000,195
US2.CSCO,0,12/12/16,09:34:21,30.130000000,100
US2.CSCO,0,12/12/16,09:34:21,30.130000000,100
US2.CSCO,0,12/12/16,09:34:29,30.140000000,100
US2.CSCO,0,12/12/16,09:34:29,30.150000000,100
US2.CSCO,0,12/12/16,09:34:29,30.150000000,300
US2.CSCO,0,12/12/16,09:34:31,30.150000000,100
US2.CSCO,0,12/12/16,09:34:31,30.150000000,100
US2.CSCO,0,12/12/16,09:34:31,30.150000000,100
US2.CSCO,0,12/12/16,09:34:31,30.150000000,200
US2.CSCO,0,12/12/16,09:34:47,30.130000000,100
US2.CSCO,0,12/12/16,09:34:47,30.130000000,200
US2.CSCO,0,12/12/16,09:34:47,30.130000000,200
US2.CSCO,0,12/12/16,09:34:47,30.130000000,100
US2.CSCO,0,12/12/16,09:34:59,30.130000000,100
US2.CSCO,0,12/12/16,09:34:59,30.130000000,100
US2.CSCO,0,12/12/16,09:35:00,30.125000000,100
US2.CSCO,0,12/12/16,09:35:19,30.100000000,100
US2.CSCO,0,12/12/16,09:35:20,30.100000000,100
US2.CSCO,0,12/12/16,09:35:20,30.100000000,100
US2.CSCO,0,12/12/16,09:35:23,30.100000000,200
US2.CSCO,0,12/12/16,09:35:23,30.100000000,100
US2.CSCO,0,12/12/16,09:35:27,30.110000000,100
US2.CSCO,0,12/12/16,09:35:34,30.100000000,100
US2.CSCO,0,12/12/16,09:35:34,30.100000000,100
US2.CSCO,0,12/12/16,09:35:35,30.100000000,100
US2.CSCO,0,12/12/16,09:35:56,30.080000000,100
US2.CSCO,0,12/12/16,09:35:56,30.080000000,100
US2.CSCO,0,12/12/16,09:35:56,30.080000000,300
US2.CSCO,0,12/12/16,09:36:06,30.080000000,300
US2.CSCO,0,12/12/16,09:36:06,30.080000000,100
US2.CSCO,0,12/12/16,09:36:06,30.080000000,100
US2.CSCO,0,12/12/16,09:36:11,30.080000000,100
US2.CSCO,0,12/12/16,09:36:11,30.080000000,200
US2.CSCO,0,12/12/16,09:36:11,30.080000000,100
US2.CSCO,0,12/12/16,09:36:11,30.080000000,100
US2.CSCO,0,12/12/16,09:36:11,30.080000000,100
US2.CSCO,0,12/12/16,09:36:11,30.080000000,200
US2.CSCO,0,12/12/16,09:36:11,30.080000000,200
US2.CSCO,0,12/12/16,09:36:11,30.080000000,200
US2.CSCO,0,12/12/16,09:36:12,30.075000000,100
US2.CSCO,0,12/12/16,09:36:12,30.075000000,100
US2.CSCO,0,12/12/16,09:36:29,30.075000000,100
US2.CSCO,0,12/12/16,09:36:29,30.080000000,200
US2.CSCO,0,12/12/16,09:36:29,30.080000000,100
US2.CSCO,0,12/12/16,09:36:29,30.080000000,100
US2.CSCO,0,12/12/16,09:36:29,30.080000000,300
US2.CSCO,0,12/12/16,09:36:29,30.080000000,100
US2.CSCO,0,12/12/16,09:36:43,30.080000000,100
US2.CSCO,0,12/12/16,09:36:43,30.080000000,100
US2.CSCO,0,12/12/16,09:36:43,30.080000000,200
US2.CSCO,0,12/12/16,09:36:43,30.075000000,100
US2.CSCO,0,12/12/16,09:36:43,30.070000000,400
US2.CSCO,0,12/12/16,09:36:43,30.070000000,100
US2.CSCO,0,12/12/16,09:36:43,30.070000000,100
US2.CSCO,0,12/12/16,09:36:45,30.075000000,100
US2.CSCO,0,12/12/16,09:36:51,30.075000000,100
US2.CSCO,0,12/12/16,09:36:58,30.075000000,100
US2.CSCO,0,12/12/16,09:37:19,30.080000000,300
US2.CSCO,0,12/12/16,09:37:19,30.080000000,400
US2.CSCO,0,12/12/16,09:37:19,30.080000000,100
US2.CSCO,0,12/12/16,09:37:19,30.080000000,100
US2.CSCO,0,12/12/16,09:37:19,30.080000000,100
US2.CSCO,0,12/12/16,09:37:19,30.080000000,100
US2.CSCO,0,12/12/16,09:37:19,30.080000000,200
US2.CSCO,0,12/12/16,09:37:19,30.080000000,200
US2.CSCO,0,12/12/16,09:37:19,30.080000000,300
US2.CSCO,0,12/12/16,09:37:19,30.080000000,100
US2.CSCO,0,12/12/16,09:37:19,30.080000000,100
US2.CSCO,0,12/12/16,09:37:19,30.080000000,100
US2.CSCO,0,12/12/16,09:37:19,30.080000000,100
US2.CSCO,0,12/12/16,09:37:19,30.080000000,400
US2.CSCO,0,12/12/16,09:37:19,30.080000000,300
US2.CSCO,0,12/12/16,09:37:19,30.080000000,300
US2.CSCO,0,12/12/16,09:37:19,30.080000000,200
US2.CSCO,0,12/12/16,09:37:19,30.080000000,100
US2.CSCO,0,12/12/16,09:37:19,30.080000000,100
US2.CSCO,0,12/12/16,09:37:21,30.090000000,200
US2.CSCO,0,12/12/16,09:37:27,30.100000000,100
US2.CSCO,0,12/12/16,09:37:27,30.100000000,100
US2.CSCO,0,12/12/16,09:37:27,30.100000000,100
US2.CSCO,0,12/12/16,09:37:27,30.100000000,300
US2.CSCO,0,12/12/16,09:37:33,30.100000000,100
US2.CSCO,0,12/12/16,09:37:34,30.095000000,100
US2.CSCO,0,12/12/16,09:37:34,30.095000000,100
US2.CSCO,0,12/12/16,09:37:34,30.090000000,100
US2.CSCO,0,12/12/16,09:37:43,30.080000000,100
US2.CSCO,0,12/12/16,09:37:48,30.090000000,100
US2.CSCO,0,12/12/16,09:37:48,30.090000000,100
US2.CSCO,0,12/12/16,09:37:48,30.090000000,100
US2.CSCO,0,12/12/16,09:37:48,30.090000000,131
US2.CSCO,0,12/12/16,09:37:48,30.090000000,331
US2.CSCO,0,12/12/16,09:37:48,30.090000000,669
US2.CSCO,0,12/12/16,09:37:54,30.080000000,200
US2.CSCO,0,12/12/16,09:38:07,30.080000000,100
US2.CSCO,0,12/12/16,09:38:07,30.080000000,300
US2.CSCO,0,12/12/16,09:38:09,30.090000000,422
US2.CSCO,0,12/12/16,09:38:09,30.090000000,100
US2.CSCO,0,12/12/16,09:38:09,30.090000000,200
US2.CSCO,0,12/12/16,09:38:23,30.090000000,100
US2.CSCO,0,12/12/16,09:38:28,30.080000000,100
US2.CSCO,0,12/12/16,09:38:28,30.080000000,100
US2.CSCO,0,12/12/16,09:38:32,30.080000000,200
US2.CSCO,0,12/12/16,09:38:42,30.070000000,100
US2.CSCO,0,12/12/16,09:38:42,30.070000000,200
US2.CSCO,0,12/12/16,09:38:48,30.090000000,100
US2.CSCO,0,12/12/16,09:38:48,30.090000000,100
US2.CSCO,0,12/12/16,09:39:04,30.080000000,100
US2.CSCO,0,12/12/16,09:39:12,30.090000000,100
US2.CSCO,0,12/12/16,09:39:12,30.090000000,100
US2.CSCO,0,12/12/16,09:39:12,30.090000000,100
US2.CSCO,0,12/12/16,09:39:24,30.090000000,125
US2.CSCO,0,12/12/16,09:39:24,30.090000000,200
US2.CSCO,0,12/12/16,09:39:24,30.090000000,200
US2.CSCO,0,12/12/16,09:39:25,30.090000000,100
US2.CSCO,0,12/12/16,09:39:28,30.100000000,100
US2.CSCO,0,12/12/16,09:39:28,30.100000000,200
US2.CSCO,0,12/12/16,09:39:29,30.100000000,100
US2.CSCO,0,12/12/16,09:39:29,30.100000000,100
US2.CSCO,0,12/12/16,09:39:35,30.100000000,100
US2.CSCO,0,12/12/16,09:39:35,30.100000000,600
US2.CSCO,0,12/12/16,09:39:37,30.100000000,100
US2.CSCO,0,12/12/16,09:39:43,30.100000000,100
US2.CSCO,0,12/12/16,09:39:46,30.100000000,200
US2.CSCO,0,12/12/16,09:39:49,30.100000000,100
US2.CSCO,0,12/12/16,09:39:49,30.100000000,100
US2.CSCO,0,12/12/16,09:39:49,30.100000000,100
US2.CSCO,0,12/12/16,09:39:55,30.110000000,100
US2.CSCO,0,12/12/16,09:39:55,30.110000000,100
US2.CSCO,0,12/12/16,09:40:11,30.110000000,100
US2.CSCO,0,12/12/16,09:40:11,30.120000000,120
US2.CSCO,0,12/12/16,09:40:20,30.100000000,200
US2.CSCO,0,12/12/16,09:40:34,30.100000000,100
US2.CSCO,0,12/12/16,09:41:35,30.080000000,100
US2.CSCO,0,12/12/16,09:41:38,30.080000000,200
US2.CSCO,0,12/12/16,09:41:38,30.080000000,200
US2.CSCO,0,12/12/16,09:41:38,30.080000000,200
US2.CSCO,0,12/12/16,09:41:38,30.080000000,100
US2.CSCO,0,12/12/16,09:41:44,30.080000000,300
US2.CSCO,0,12/12/16,09:41:44,30.080000000,300
US2.CSCO,0,12/12/16,09:41:46,30.090000000,100
US2.CSCO,0,12/12/16,09:41:46,30.090000000,100
US2.CSCO,0,12/12/16,09:41:55,30.090000000,300
US2.CSCO,0,12/12/16,09:41:55,30.090000000,200
US2.CSCO,0,12/12/16,09:41:55,30.090000000,100
US2.CSCO,0,12/12/16,09:41:55,30.090000000,100
US2.CSCO,0,12/12/16,09:42:00,30.090000000,100
US2.CSCO,0,12/12/16,09:42:00,30.090000000,100
US2.CSCO,0,12/12/16,09:42:01,30.090000000,100
US2.CSCO,0,12/12/16,09:42:11,30.100000000,300
US2.CSCO,0,12/12/16,09:42:12,30.100000000,300
US2.CSCO,0,12/12/16,09:42:12,30.100000000,200
US2.CSCO,0,12/12/16,09:42:12,30.100000000,300
US2.CSCO,0,12/12/16,09:42:12,30.100000000,200
US2.CSCO,0,12/12/16,09:42:12,30.100000000,100
US2.CSCO,0,12/12/16,09:42:15,30.090000000,300
US2.CSCO,0,12/12/16,09:42:15,30.090000000,200
US2.CSCO,0,12/12/16,09:42:15,30.090000000,300
US2.CSCO,0,12/12/16,09:42:15,30.090000000,200
US2.CSCO,0,12/12/16,09:42:20,30.100000000,100
US2.CSCO,0,12/12/16,09:42:20,30.100000000,200
US2.CSCO,0,12/12/16,09:42:20,30.100000000,100
US2.CSCO,0,12/12/16,09:42:20,30.100000000,300
US2.CSCO,0,12/12/16,09:42:20,30.100000000,300
US2.CSCO,0,12/12/16,09:42:20,30.100000000,100
US2.CSCO,0,12/12/16,09:42:26,30.110000000,200
US2.CSCO,0,12/12/16,09:42:26,30.110000000,200
US2.CSCO,0,12/12/16,09:42:26,30.110000000,100
US2.CSCO,0,12/12/16,09:42:26,30.110000000,100
US2.CSCO,0,12/12/16,09:42:26,30.110000000,100
US2.CSCO,0,12/12/16,09:42:26,30.110000000,100
US2.CSCO,0,12/12/16,09:42:41,30.110000000,300
US2.CSCO,0,12/12/16,09:42:41,30.110000000,100
US2.CSCO,0,12/12/16,09:42:52,30.100000000,300
US2.CSCO,0,12/12/16,09:42:55,30.100000000,100
US2.CSCO,0,12/12/16,09:43:08,30.100000000,100
US2.CSCO,0,12/12/16,09:43:08,30.100000000,800
US2.CSCO,0,12/12/16,09:43:08,30.100000000,300
US2.CSCO,0,12/12/16,09:43:13,30.090000000,100
US2.CSCO,0,12/12/16,09:43:37,30.090000000,100
US2.CSCO,0,12/12/16,09:43:37,30.090000000,100
US2.CSCO,0,12/12/16,09:43:41,30.080000000,100
US2.CSCO,0,12/12/16,09:43:43,30.070000000,300
US2.CSCO,0,12/12/16,09:43:43,30.070000000,500
US2.CSCO,0,12/12/16,09:43:43,30.070000000,300
US2.CSCO,0,12/12/16,09:43:43,30.070000000,300
US2.CSCO,0,12/12/16,09:43:43,30.070000000,200
US2.CSCO,0,12/12/16,09:43:43,30.070000000,200
US2.CSCO,0,12/12/16,09:43:43,30.070000000,100
US2.CSCO,0,12/12/16,09:43:55,30.080000000,100
US2.CSCO,0,12/12/16,09:44:02,30.090000000,200
US2.CSCO,0,12/12/16,09:44:08,30.090000000,100
US2.CSCO,0,12/12/16,09:44:08,30.090000000,205
US2.CSCO,0,12/12/16,09:44:08,30.090000000,200
US2.CSCO,0,12/12/16,09:44:08,30.080000000,400
US2.CSCO,0,12/12/16,09:44:08,30.080000000,400
US2.CSCO,0,12/12/16,09:44:08,30.080000000,200
US2.CSCO,0,12/12/16,09:44:08,30.080000000,206
US2.CSCO,0,12/12/16,09:44:08,30.080000000,100
US2.CSCO,0,12/12/16,09:44:08,30.080000000,106
US2.CSCO,0,12/12/16,09:44:30,30.080000000,275
US2.CSCO,0,12/12/16,09:44:30,30.080000000,100
US2.CSCO,0,12/12/16,09:44:38,30.070000000,200
US2.CSCO,0,12/12/16,09:44:38,30.070000000,200
US2.CSCO,0,12/12/16,09:44:38,30.070000000,200
US2.CSCO,0,12/12/16,09:44:38,30.070000000,300
US2.CSCO,0,12/12/16,09:44:38,30.070000000,375
US2.CSCO,0,12/12/16,09:44:38,30.080000000,200
US2.CSCO,0,12/12/16,09:44:38,30.080000000,100
US2.CSCO,0,12/12/16,09:44:38,30.080000000,100
US2.CSCO,0,12/12/16,09:44:43,30.080000000,300
US2.CSCO,0,12/12/16,09:44:43,30.080000000,100
US2.CSCO,0,12/12/16,09:44:43,30.080000000,514
US2.CSCO,0,12/12/16,09:44:56,30.070000000,100
US2.CSCO,0,12/12/16,09:44:56,30.070000000,100
US2.CSCO,0,12/12/16,09:44:56,30.070000000,100
US2.CSCO,0,12/12/16,09:44:56,30.070000000,300
US2.CSCO,0,12/12/16,09:44:56,30.070000000,100
US2.CSCO,0,12/12/16,09:44:56,30.070000000,100
US2.CSCO,0,12/12/16,09:44:58,30.060000000,200
US2.CSCO,0,12/12/16,09:45:00,30.060000000,200
US2.CSCO,0,12/12/16,09:45:00,30.060000000,300
US2.CSCO,0,12/12/16,09:45:00,30.060000000,300
US2.CSCO,0,12/12/16,09:45:00,30.070000000,100
US2.CSCO,0,12/12/16,09:45:00,30.070000000,300
US2.CSCO,0,12/12/16,09:45:00,30.070000000,100
US2.CSCO,0,12/12/16,09:45:00,30.070000000,100
US2.CSCO,0,12/12/16,09:45:00,30.070000000,200
US2.CSCO,0,12/12/16,09:45:02,30.070000000,100
US2.CSCO,0,12/12/16,09:45:02,30.070000000,100
US2.CSCO,0,12/12/16,09:45:02,30.070000000,100
US2.CSCO,0,12/12/16,09:45:03,30.080000000,200
US2.CSCO,0,12/12/16,09:45:03,30.080000000,200
US2.CSCO,0,12/12/16,09:45:03,30.080000000,100
US2.CSCO,0,12/12/16,09:45:03,30.080000000,100
US2.CSCO,0,12/12/16,09:45:04,30.090000000,297
US2.CSCO,0,12/12/16,09:45:04,30.090000000,200
US2.CSCO,0,12/12/16,09:45:04,30.090000000,300
US2.CSCO,0,12/12/16,09:45:04,30.090000000,100
US2.CSCO,0,12/12/16,09:45:04,30.090000000,200
US2.CSCO,0,12/12/16,09:45:04,30.090000000,100
US2.CSCO,0,12/12/16,09:45:04,30.090000000,100
US2.CSCO,0,12/12/16,09:45:04,30.090000000,400
US2.CSCO,0,12/12/16,09:45:04,30.090000000,200
US2.CSCO,0,12/12/16,09:45:04,30.090000000,300
US2.CSCO,0,12/12/16,09:45:04,30.090000000,150
US2.CSCO,0,12/12/16,09:45:04,30.090000000,200
US2.CSCO,0,12/12/16,09:45:04,30.090000000,400
US2.CSCO,0,12/12/16,09:45:04,30.090000000,100
US2.CSCO,0,12/12/16,09:45:06,30.090000000,200
US2.CSCO,0,12/12/16,09:45:06,30.090000000,200
US2.CSCO,0,12/12/16,09:45:06,30.090000000,300
US2.CSCO,0,12/12/16,09:45:06,30.090000000,150
US2.CSCO,0,12/12/16,09:45:11,30.100000000,200
US2.CSCO,0,12/12/16,09:45:11,30.100000000,100
US2.CSCO,0,12/12/16,09:45:11,30.100000000,100
US2.CSCO,0,12/12/16,09:45:11,30.100000000,100
US2.CSCO,0,12/12/16,09:45:12,30.110000000,200
US2.CSCO,0,12/12/16,09:45:12,30.110000000,200
US2.CSCO,0,12/12/16,09:45:22,30.110000000,300
US2.CSCO,0,12/12/16,09:45:22,30.110000000,100
US2.CSCO,0,12/12/16,09:45:25,30.120000000,100
US2.CSCO,0,12/12/16,09:45:25,30.120000000,300
US2.CSCO,0,12/12/16,09:45:25,30.120000000,200
US2.CSCO,0,12/12/16,09:45:25,30.120000000,200
US2.CSCO,0,12/12/16,09:45:26,30.120000000,100
US2.CSCO,0,12/12/16,09:45:28,30.120000000,116
US2.CSCO,0,12/12/16,09:45:35,30.110000000,100
US2.CSCO,0,12/12/16,09:45:35,30.110000000,200
US2.CSCO,0,12/12/16,09:45:38,30.110000000,100
US2.CSCO,0,12/12/16,09:45:38,30.110000000,200
US2.CSCO,0,12/12/16,09:45:38,30.110000000,200
US2.CSCO,0,12/12/16,09:45:38,30.110000000,100
US2.CSCO,0,12/12/16,09:45:44,30.110000000,100
US2.CSCO,0,12/12/16,09:45:44,30.110000000,100
US2.CSCO,0,12/12/16,09:45:44,30.110000000,100
US2.CSCO,0,12/12/16,09:45:53,30.110000000,200
US2.CSCO,0,12/12/16,09:45:59,30.090000000,200
US2.CSCO,0,12/12/16,09:45:59,30.090000000,100
US2.CSCO,0,12/12/16,09:45:59,30.090000000,200
US2.CSCO,0,12/12/16,09:46:14,30.100000000,200
US2.CSCO,0,12/12/16,09:46:14,30.100000000,100
US2.CSCO,0,12/12/16,09:46:25,30.090000000,100
US2.CSCO,0,12/12/16,09:46:26,30.090000000,100
US2.CSCO,0,12/12/16,09:46:26,30.090000000,100
US2.CSCO,0,12/12/16,09:46:26,30.090000000,100
US2.CSCO,0,12/12/16,09:46:29,30.085000000,100
US2.CSCO,0,12/12/16,09:46:29,30.085000000,100
US2.CSCO,0,12/12/16,09:46:29,30.085000000,200
US2.CSCO,0,12/12/16,09:46:29,30.090000000,700
US2.CSCO,0,12/12/16,09:46:29,30.090000000,200
US2.CSCO,0,12/12/16,09:46:29,30.090000000,300
US2.CSCO,0,12/12/16,09:46:29,30.090000000,200
US2.CSCO,0,12/12/16,09:46:29,30.090000000,200
US2.CSCO,0,12/12/16,09:46:29,30.085000000,100
US2.CSCO,0,12/12/16,09:46:29,30.090000000,100
US2.CSCO,0,12/12/16,09:46:29,30.090000000,200
US2.CSCO,0,12/12/16,09:46:29,30.090000000,300
US2.CSCO,0,12/12/16,09:46:29,30.090000000,200
US2.CSCO,0,12/12/16,09:46:29,30.090000000,300
US2.CSCO,0,12/12/16,09:46:30,30.090000000,300
US2.CSCO,0,12/12/16,09:46:30,30.090000000,100
US2.CSCO,0,12/12/16,09:46:30,30.090000000,100
US2.CSCO,0,12/12/16,09:46:34,30.085000000,100
US2.CSCO,0,12/12/16,09:46:38,30.080000000,100
US2.CSCO,0,12/12/16,09:46:43,30.080000000,100
US2.CSCO,0,12/12/16,09:46:45,30.080000000,100
US2.CSCO,0,12/12/16,09:46:48,30.080000000,100
US2.CSCO,0,12/12/16,09:46:48,30.080000000,100
US2.CSCO,0,12/12/16,09:46:48,30.080000000,100
US2.CSCO,0,12/12/16,09:46:49,30.080000000,100
US2.CSCO,0,12/12/16,09:46:49,30.085000000,100
US2.CSCO,0,12/12/16,09:46:49,30.085000000,100
US2.CSCO,0,12/12/16,09:46:58,30.100000000,200
US2.CSCO,0,12/12/16,09:46:58,30.100000000,134
US2.CSCO,0,12/12/16,09:46:58,30.100000000,100
US2.CSCO,0,12/12/16,09:46:58,30.100000000,200
US2.CSCO,0,12/12/16,09:47:07,30.090000000,300
US2.CSCO,0,12/12/16,09:47:07,30.090000000,100
US2.CSCO,0,12/12/16,09:47:07,30.090000000,200
US2.CSCO,0,12/12/16,09:47:07,30.090000000,300
US2.CSCO,0,12/12/16,09:47:07,30.090000000,200
US2.CSCO,0,12/12/16,09:47:16,30.100000000,200
US2.CSCO,0,12/12/16,09:47:16,30.100000000,200
US2.CSCO,0,12/12/16,09:47:17,30.100000000,100
US2.CSCO,0,12/12/16,09:47:27,30.100000000,100
US2.CSCO,0,12/12/16,09:47:37,30.110000000,100
US2.CSCO,0,12/12/16,09:47:37,30.110000000,200
US2.CSCO,0,12/12/16,09:47:37,30.110000000,100
US2.CSCO,0,12/12/16,09:47:48,30.120000000,100
US2.CSCO,0,12/12/16,09:47:48,30.120000000,100
US2.CSCO,0,12/12/16,09:47:53,30.140000000,300
US2.CSCO,0,12/12/16,09:47:53,30.140000000,100
US2.CSCO,0,12/12/16,09:47:53,30.140000000,100
US2.CSCO,0,12/12/16,09:47:53,30.140000000,140
US2.CSCO,0,12/12/16,09:47:54,30.140000000,100
US2.CSCO,0,12/12/16,09:48:04,30.140000000,100
US2.CSCO,0,12/12/16,09:48:04,30.140000000,1000
US2.CSCO,0,12/12/16,09:48:04,30.140000000,100
US2.CSCO,0,12/12/16,09:48:04,30.140000000,700
US2.CSCO,0,12/12/16,09:48:04,30.140000000,100
US2.CSCO,0,12/12/16,09:48:10,30.140000000,100
US2.CSCO,0,12/12/16,09:48:10,30.145000000,100
US2.CSCO,0,12/12/16,09:48:16,30.140000000,300
US2.CSCO,0,12/12/16,09:48:16,30.140000000,200
US2.CSCO,0,12/12/16,09:48:16,30.140000000,100
US2.CSCO,0,12/12/16,09:48:16,30.140000000,200
US2.CSCO,0,12/12/16,09:48:16,30.140000000,100
US2.CSCO,0,12/12/16,09:48:16,30.140000000,100
US2.CSCO,0,12/12/16,09:48:16,30.140000000,100
US2.CSCO,0,12/12/16,09:48:16,30.140000000,300
US2.CSCO,0,12/12/16,09:48:30,30.130000000,200
US2.CSCO,0,12/12/16,09:48:35,30.130000000,200
US2.CSCO,0,12/12/16,09:48:35,30.130000000,300
US2.CSCO,0,12/12/16,09:48:35,30.130000000,200
US2.CSCO,0,12/12/16,09:48:35,30.130000000,100
US2.CSCO,0,12/12/16,09:48:35,30.130000000,300
US2.CSCO,0,12/12/16,09:48:35,30.130000000,200
US2.CSCO,0,12/12/16,09:48:35,30.130000000,200
US2.CSCO,0,12/12/16,09:48:35,30.140000000,100
US2.CSCO,0,12/12/16,09:48:37,30.140000000,100
US2.CSCO,0,12/12/16,09:48:40,30.140000000,200
US2.CSCO,0,12/12/16,09:48:40,30.140000000,300
US2.CSCO,0,12/12/16,09:48:40,30.140000000,200
US2.CSCO,0,12/12/16,09:48:40,30.140000000,200
US2.CSCO,0,12/12/16,09:48:40,30.140000000,200
US2.CSCO,0,12/12/16,09:48:40,30.140000000,300
US2.CSCO,0,12/12/16,09:48:40,30.140000000,100
US2.CSCO,0,12/12/16,09:48:40,30.140000000,100
US2.CSCO,0,12/12/16,09:48:40,30.140000000,100
US2.CSCO,0,12/12/16,09:48:40,30.140000000,100
US2.CSCO,0,12/12/16,09:48:40,30.140000000,100
US2.CSCO,0,12/12/16,09:48:46,30.125000000,100
US2.CSCO,0,12/12/16,09:48:46,30.125000000,200
US2.CSCO,0,12/12/16,09:48:46,30.125000000,200
US2.CSCO,0,12/12/16,09:48:46,30.125000000,200
US2.CSCO,0,12/12/16,09:48:46,30.125000000,300
US2.CSCO,0,12/12/16,09:48:46,30.125000000,100
US2.CSCO,0,12/12/16,09:48:46,30.130000000,200
US2.CSCO,0,12/12/16,09:48:46,30.130000000,200
US2.CSCO,0,12/12/16,09:48:46,30.130000000,400
US2.CSCO,0,12/12/16,09:48:46,30.130000000,300
US2.CSCO,0,12/12/16,09:48:48,30.125000000,100
US2.CSCO,0,12/12/16,09:48:49,30.120000000,100
US2.CSCO,0,12/12/16,09:48:52,30.125000000,103
US2.CSCO,0,12/12/16,09:48:52,30.130000000,100
US2.CSCO,0,12/12/16,09:48:52,30.130000000,100
US2.CSCO,0,12/12/16,09:48:52,30.140000000,100
US2.CSCO,0,12/12/16,09:48:53,30.140000000,200
US2.CSCO,0,12/12/16,09:48:53,30.140000000,200
US2.CSCO,0,12/12/16,09:48:53,30.140000000,200
US2.CSCO,0,12/12/16,09:48:53,30.140000000,100
US2.CSCO,0,12/12/16,09:48:53,30.140000000,300
US2.CSCO,0,12/12/16,09:48:53,30.140000000,100
US2.CSCO,0,12/12/16,09:48:53,30.140000000,200
US2.CSCO,0,12/12/16,09:48:53,30.140000000,200
US2.CSCO,0,12/12/16,09:48:53,30.140000000,200
US2.CSCO,0,12/12/16,09:48:53,30.130000000,200
US2.CSCO,0,12/12/16,09:48:53,30.130000000,200
US2.CSCO,0,12/12/16,09:48:54,30.135000000,100
US2.CSCO,0,12/12/16,09:48:54,30.140000000,700
US2.CSCO,0,12/12/16,09:48:54,30.140000000,200
US2.CSCO,0,12/12/16,09:48:54,30.140000000,300
US2.CSCO,0,12/12/16,09:48:54,30.140000000,200
US2.CSCO,0,12/12/16,09:48:54,30.140000000,200
US2.CSCO,0,12/12/16,09:48:54,30.140000000,100
US2.CSCO,0,12/12/16,09:48:54,30.140000000,200
US2.CSCO,0,12/12/16,09:48:54,30.140000000,100
US2.CSCO,0,12/12/16,09:48:54,30.140000000,200
US2.CSCO,0,12/12/16,09:48:54,30.140000000,100
US2.CSCO,0,12/12/16,09:48:56,30.130000000,200
US2.CSCO,0,12/12/16,09:48:58,30.125000000,100
US2.CSCO,0,12/12/16,09:48:58,30.125000000,100
US2.CSCO,0,12/12/16,09:49:02,30.130000000,100
US2.CSCO,0,12/12/16,09:49:02,30.130000000,100
US2.CSCO,0,12/12/16,09:49:02,30.130000000,100
US2.CSCO,0,12/12/16,09:49:02,30.130000000,100
US2.CSCO,0,12/12/16,09:49:02,30.130000000,200
US2.CSCO,0,12/12/16,09:49:02,30.130000000,300
US2.CSCO,0,12/12/16,09:49:02,30.130000000,200
US2.CSCO,0,12/12/16,09:49:02,30.130000000,494
US2.CSCO,0,12/12/16,09:49:05,30.130000000,200
US2.CSCO,0,12/12/16,09:49:05,30.130000000,200
US2.CSCO,0,12/12/16,09:49:05,30.130000000,200
US2.CSCO,0,12/12/16,09:49:12,30.125000000,100
US2.CSCO,0,12/12/16,09:49:20,30.120000000,500
US2.CSCO,0,12/12/16,09:49:20,30.110000000,100
US2.CSCO,0,12/12/16,09:49:23,30.110000000,100
US2.CSCO,0,12/12/16,09:49:23,30.110000000,100
US2.CSCO,0,12/12/16,09:49:26,30.110000000,200
US2.CSCO,0,12/12/16,09:49:26,30.110000000,200
US2.CSCO,0,12/12/16,09:49:26,30.110000000,300
US2.CSCO,0,12/12/16,09:49:26,30.110000000,200
US2.CSCO,0,12/12/16,09:49:26,30.110000000,200
US2.CSCO,0,12/12/16,09:49:31,30.100000000,1200
US2.CSCO,0,12/12/16,09:49:32,30.100000000,200
US2.CSCO,0,12/12/16,09:49:34,30.100000000,100
US2.CSCO,0,12/12/16,09:49:34,30.100000000,200
US2.CSCO,0,12/12/16,09:49:34,30.100000000,200
US2.CSCO,0,12/12/16,09:49:35,30.100000000,100
US2.CSCO,0,12/12/16,09:49:42,30.100000000,100
US2.CSCO,0,12/12/16,09:49:44,30.100000000,300
US2.CSCO,0,12/12/16,09:49:44,30.100000000,100
US2.CSCO,0,12/12/16,09:49:56,30.100000000,300
US2.CSCO,0,12/12/16,09:49:56,30.100000000,200
US2.CSCO,0,12/12/16,09:49:56,30.100000000,200
US2.CSCO,0,12/12/16,09:49:56,30.100000000,100
US2.CSCO,0,12/12/16,09:49:56,30.100000000,100
US2.CSCO,0,12/12/16,09:49:57,30.110000000,200
US2.CSCO,0,12/12/16,09:49:57,30.110000000,247
US2.CSCO,0,12/12/16,09:49:57,30.110000000,100
US2.CSCO,0,12/12/16,09:50:07,30.105000000,100
US2.CSCO,0,12/12/16,09:50:07,30.105000000,100
US2.CSCO,0,12/12/16,09:50:20,30.120000000,200
US2.CSCO,0,12/12/16,09:50:20,30.120000000,240
US2.CSCO,0,12/12/16,09:50:20,30.120000000,125
US2.CSCO,0,12/12/16,09:50:20,30.120000000,100
US2.CSCO,0,12/12/16,09:50:20,30.120000000,337
US2.CSCO,0,12/12/16,09:50:20,30.120000000,200
US2.CSCO,0,12/12/16,09:50:20,30.120000000,200
US2.CSCO,0,12/12/16,09:50:20,30.120000000,200
US2.CSCO,0,12/12/16,09:50:20,30.120000000,200
US2.CSCO,0,12/12/16,09:50:20,30.120000000,300
US2.CSCO,0,12/12/16,09:50:20,30.120000000,400
US2.CSCO,0,12/12/16,09:50:20,30.120000000,200
US2.CSCO,0,12/12/16,09:50:20,30.120000000,100
US2.CSCO,0,12/12/16,09:50:20,30.120000000,600
US2.CSCO,0,12/12/16,09:50:20,30.120000000,300
US2.CSCO,0,12/12/16,09:50:20,30.120000000,200
US2.CSCO,0,12/12/16,09:50:20,30.120000000,100
US2.CSCO,0,12/12/16,09:50:20,30.120000000,195
US2.CSCO,0,12/12/16,09:50:20,30.120000000,1000
US2.CSCO,0,12/12/16,09:50:20,30.120000000,500
US2.CSCO,0,12/12/16,09:50:20,30.120000000,195
US2.CSCO,0,12/12/16,09:50:20,30.120000000,195
US2.CSCO,0,12/12/16,09:50:27,30.130000000,200
US2.CSCO,0,12/12/16,09:50:27,30.130000000,300
US2.CSCO,0,12/12/16,09:50:27,30.130000000,100
US2.CSCO,0,12/12/16,09:50:27,30.130000000,100
US2.CSCO,0,12/12/16,09:50:30,30.140000000,100
US2.CSCO,0,12/12/16,09:50:36,30.130000000,200
US2.CSCO,0,12/12/16,09:50:40,30.130000000,200
US2.CSCO,0,12/12/16,09:50:40,30.130000000,200
US2.CSCO,0,12/12/16,09:50:40,30.130000000,100
US2.CSCO,0,12/12/16,09:50:40,30.130000000,100
US2.CSCO,0,12/12/16,09:50:40,30.140000000,200
US2.CSCO,0,12/12/16,09:50:40,30.140000000,200
US2.CSCO,0,12/12/16,09:50:40,30.140000000,200
US2.CSCO,0,12/12/16,09:50:40,30.140000000,300
US2.CSCO,0,12/12/16,09:50:40,30.140000000,300
US2.CSCO,0,12/12/16,09:50:40,30.140000000,100
US2.CSCO,0,12/12/16,09:50:40,30.140000000,200
US2.CSCO,0,12/12/16,09:50:40,30.140000000,700
US2.CSCO,0,12/12/16,09:50:40,30.150000000,300
US2.CSCO,0,12/12/16,09:50:40,30.150000000,300
US2.CSCO,0,12/12/16,09:50:40,30.150000000,500
US2.CSCO,0,12/12/16,09:50:40,30.150000000,200
US2.CSCO,0,12/12/16,09:50:40,30.150000000,200
US2.CSCO,0,12/12/16,09:50:40,30.150000000,100
US2.CSCO,0,12/12/16,09:50:40,30.150000000,100
US2.CSCO,0,12/12/16,09:50:40,30.150000000,100
US2.CSCO,0,12/12/16,09:50:40,30.150000000,100
US2.CSCO,0,12/12/16,09:50:40,30.150000000,100
US2.CSCO,0,12/12/16,09:50:40,30.150000000,195
US2.CSCO,0,12/12/16,09:50:45,30.150000000,547
US2.CSCO,0,12/12/16,09:50:45,30.150000000,195
US2.CSCO,0,12/12/16,09:50:45,30.150000000,100
US2.CSCO,0,12/12/16,09:50:54,30.150000000,200
US2.CSCO,0,12/12/16,09:50:54,30.150000000,100
US2.CSCO,0,12/12/16,09:50:54,30.150000000,100
US2.CSCO,0,12/12/16,09:50:54,30.150000000,100
US2.CSCO,0,12/12/16,09:50:54,30.150000000,200
US2.CSCO,0,12/12/16,09:50:54,30.155000000,100
US2.CSCO,0,12/12/16,09:50:54,30.160000000,400
US2.CSCO,0,12/12/16,09:50:54,30.160000000,200
US2.CSCO,0,12/12/16,09:50:54,30.160000000,300
US2.CSCO,0,12/12/16,09:50:54,30.160000000,100
US2.CSCO,0,12/12/16,09:50:54,30.160000000,100
US2.CSCO,0,12/12/16,09:50:54,30.160000000,100
US2.CSCO,0,12/12/16,09:50:54,30.160000000,100
US2.CSCO,0,12/12/16,09:50:55,30.160000000,100
US2.CSCO,0,12/12/16,09:50:59,30.160000000,200
US2.CSCO,0,12/12/16,09:50:59,30.160000000,114
US2.CSCO,0,12/12/16,09:50:59,30.160000000,200
US2.CSCO,0,12/12/16,09:51:05,30.160000000,100
US2.CSCO,0,12/12/16,09:51:05,30.160000000,100
US2.CSCO,0,12/12/16,09:51:23,30.160000000,200
US2.CSCO,0,12/12/16,09:51:24,30.160000000,100
US2.CSCO,0,12/12/16,09:51:27,30.165000000,100
US2.CSCO,0,12/12/16,09:51:27,30.165000000,100
US2.CSCO,0,12/12/16,09:51:39,30.165000000,100
US2.CSCO,0,12/12/16,09:51:39,30.170000000,283
US2.CSCO,0,12/12/16,09:51:39,30.170000000,100
US2.CSCO,0,12/12/16,09:51:39,30.160000000,600
US2.CSCO,0,12/12/16,09:51:39,30.160000000,200
US2.CSCO,0,12/12/16,09:51:39,30.160000000,300
US2.CSCO,0,12/12/16,09:51:39,30.160000000,200
US2.CSCO,0,12/12/16,09:51:39,30.160000000,200
US2.CSCO,0,12/12/16,09:51:39,30.160000000,200
US2.CSCO,0,12/12/16,09:51:39,30.160000000,300
US2.CSCO,0,12/12/16,09:51:47,30.160000000,100
US2.CSCO,0,12/12/16,09:51:47,30.160000000,100
US2.CSCO,0,12/12/16,09:51:50,30.165000000,200
US2.CSCO,0,12/12/16,09:51:52,30.165000000,100
US2.CSCO,0,12/12/16,09:52:09,30.160000000,300
US2.CSCO,0,12/12/16,09:52:09,30.160000000,200
US2.CSCO,0,12/12/16,09:52:09,30.160000000,300
US2.CSCO,0,12/12/16,09:52:09,30.160000000,100
US2.CSCO,0,12/12/16,09:52:09,30.160000000,300
US2.CSCO,0,12/12/16,09:52:09,30.160000000,500
US2.CSCO,0,12/12/16,09:52:26,30.160000000,100
US2.CSCO,0,12/12/16,09:52:39,30.150000000,600
US2.CSCO,0,12/12/16,09:52:39,30.150000000,200
US2.CSCO,0,12/12/16,09:52:39,30.150000000,300
US2.CSCO,0,12/12/16,09:52:39,30.150000000,200
US2.CSCO,0,12/12/16,09:52:39,30.150000000,300
US2.CSCO,0,12/12/16,09:52:39,30.150000000,200
US2.CSCO,0,12/12/16,09:52:39,30.150000000,100
US2.CSCO,0,12/12/16,09:52:39,30.150000000,100
US2.CSCO,0,12/12/16,09:52:39,30.150000000,100
US2.CSCO,0,12/12/16,09:52:52,30.140000000,200
US2.CSCO,0,12/12/16,09:52:52,30.140000000,300
US2.CSCO,0,12/12/16,09:52:52,30.140000000,300
US2.CSCO,0,12/12/16,09:52:52,30.140000000,150
US2.CSCO,0,12/12/16,09:52:52,30.140000000,100
US2.CSCO,0,12/12/16,09:52:52,30.140000000,100
US2.CSCO,0,12/12/16,09:52:56,30.150000000,100
US2.CSCO,0,12/12/16,09:52:56,30.150000000,100
US2.CSCO,0,12/12/16,09:52:56,30.155000000,100
US2.CSCO,0,12/12/16,09:53:00,30.155000000,100
US2.CSCO,0,12/12/16,09:53:14,30.150000000,200
US2.CSCO,0,12/12/16,09:53:14,30.150000000,300
US2.CSCO,0,12/12/16,09:53:14,30.150000000,200
US2.CSCO,0,12/12/16,09:53:29,30.150000000,700
US2.CSCO,0,12/12/16,09:53:29,30.150000000,100
US2.CSCO,0,12/12/16,09:53:29,30.150000000,200
US2.CSCO,0,12/12/16,09:53:29,30.150000000,200
US2.CSCO,0,12/12/16,09:53:29,30.150000000,200
US2.CSCO,0,12/12/16,09:53:29,30.150000000,200
US2.CSCO,0,12/12/16,09:53:29,30.150000000,200
US2.CSCO,0,12/12/16,09:53:29,30.150000000,300
US2.CSCO,0,12/12/16,09:53:29,30.150000000,100
US2.CSCO,0,12/12/16,09:53:29,30.150000000,100
US2.CSCO,0,12/12/16,09:53:29,30.150000000,100
US2.CSCO,0,12/12/16,09:53:29,30.150000000,193
US2.CSCO,0,12/12/16,09:53:29,30.150000000,100
US2.CSCO,0,12/12/16,09:53:29,30.150000000,297
US2.CSCO,0,12/12/16,09:53:29,30.150000000,100
US2.CSCO,0,12/12/16,09:53:30,30.160000000,200
US2.CSCO,0,12/12/16,09:53:36,30.155000000,100
US2.CSCO,0,12/12/16,09:53:36,30.155000000,100
US2.CSCO,0,12/12/16,09:53:49,30.150000000,198
US2.CSCO,0,12/12/16,09:53:59,30.160000000,200
US2.CSCO,0,12/12/16,09:53:59,30.165000000,100
US2.CSCO,0,12/12/16,09:53:59,30.165000000,100
US2.CSCO,0,12/12/16,09:54:22,30.150000000,100
US2.CSCO,0,12/12/16,09:54:40,30.145000000,100
US2.CSCO,0,12/12/16,09:54:47,30.140000000,100
US2.CSCO,0,12/12/16,09:54:59,30.140000000,100
US2.CSCO,0,12/12/16,09:54:59,30.140000000,100
US2.CSCO,0,12/12/16,09:54:59,30.140000000,100
US2.CSCO,0,12/12/16,09:54:59,30.140000000,100
US2.CSCO,0,12/12/16,09:55:05,30.140000000,200
US2.CSCO,0,12/12/16,09:55:05,30.140000000,200
US2.CSCO,0,12/12/16,09:55:05,30.140000000,300
US2.CSCO,0,12/12/16,09:55:05,30.140000000,200
US2.CSCO,0,12/12/16,09:55:05,30.140000000,100
US2.CSCO,0,12/12/16,09:55:05,30.140000000,100
US2.CSCO,0,12/12/16,09:55:05,30.140000000,300
US2.CSCO,0,12/12/16,09:55:06,30.140000000,200
US2.CSCO,0,12/12/16,09:55:06,30.140000000,200
US2.CSCO,0,12/12/16,09:55:06,30.140000000,300
US2.CSCO,0,12/12/16,09:55:06,30.140000000,300
US2.CSCO,0,12/12/16,09:55:06,30.140000000,100
US2.CSCO,0,12/12/16,09:55:21,30.140000000,100
US2.CSCO,0,12/12/16,09:55:21,30.140000000,100
US2.CSCO,0,12/12/16,09:55:21,30.140000000,100
US2.CSCO,0,12/12/16,09:55:21,30.140000000,100
US2.CSCO,0,12/12/16,09:55:25,30.145000000,141
US2.CSCO,0,12/12/16,09:55:36,30.150000000,100
US2.CSCO,0,12/12/16,09:55:59,30.150000000,200
US2.CSCO,0,12/12/16,09:55:59,30.150000000,100
US2.CSCO,0,12/12/16,09:55:59,30.155000000,113
US2.CSCO,0,12/12/16,09:56:12,30.160000000,100
US2.CSCO,0,12/12/16,09:56:12,30.160000000,200
US2.CSCO,0,12/12/16,09:56:12,30.160000000,200
US2.CSCO,0,12/12/16,09:56:12,30.160000000,200
US2.CSCO,0,12/12/16,09:56:12,30.160000000,154
US2.CSCO,0,12/12/16,09:56:21,30.160000000,200
US2.CSCO,0,12/12/16,09:56:21,30.160000000,200
US2.CSCO,0,12/12/16,09:56:22,30.170000000,200
US2.CSCO,0,12/12/16,09:56:24,30.170000000,100
US2.CSCO,0,12/12/16,09:56:24,30.170000000,200
US2.CSCO,0,12/12/16,09:56:24,30.170000000,100
US2.CSCO,0,12/12/16,09:56:24,30.170000000,200
US2.CSCO,0,12/12/16,09:56:24,30.170000000,1000
US2.CSCO,0,12/12/16,09:56:24,30.170000000,100
US2.CSCO,0,12/12/16,09:56:24,30.170000000,100
US2.CSCO,0,12/12/16,09:56:24,30.170000000,100
US2.CSCO,0,12/12/16,09:56:58,30.180000000,200
US2.CSCO,0,12/12/16,09:57:00,30.180000000,200
US2.CSCO,0,12/12/16,09:57:00,30.180000000,300
US2.CSCO,0,12/12/16,09:57:00,30.180000000,100
US2.CSCO,0,12/12/16,09:57:00,30.180000000,500
US2.CSCO,0,12/12/16,09:57:00,30.180000000,200
US2.CSCO,0,12/12/16,09:57:00,30.175000000,100
US2.CSCO,0,12/12/16,09:57:02,30.180000000,200
US2.CSCO,0,12/12/16,09:57:02,30.180000000,300
US2.CSCO,0,12/12/16,09:57:02,30.180000000,200
US2.CSCO,0,12/12/16,09:57:23,30.190000000,200
US2.CSCO,0,12/12/16,09:57:23,30.190000000,200
US2.CSCO,0,12/12/16,09:57:23,30.190000000,100
US2.CSCO,0,12/12/16,09:57:27,30.190000000,200
US2.CSCO,0,12/12/16,09:57:27,30.190000000,200
US2.CSCO,0,12/12/16,09:57:27,30.190000000,100
US2.CSCO,0,12/12/16,09:57:27,30.190000000,800
US2.CSCO,0,12/12/16,09:57:27,30.190000000,100
US2.CSCO,0,12/12/16,09:57:27,30.190000000,100
US2.CSCO,0,12/12/16,09:57:27,30.190000000,200
US2.CSCO,0,12/12/16,09:57:33,30.190000000,200
US2.CSCO,0,12/12/16,09:57:33,30.190000000,100
US2.CSCO,0,12/12/16,09:57:33,30.190000000,100
US2.CSCO,0,12/12/16,09:57:39,30.190000000,200
US2.CSCO,0,12/12/16,09:57:39,30.190000000,200
US2.CSCO,0,12/12/16,09:57:39,30.190000000,300
US2.CSCO,0,12/12/16,09:57:39,30.190000000,200
US2.CSCO,0,12/12/16,09:57:54,30.190000000,200
US2.CSCO,0,12/12/16,09:57:54,30.190000000,200
US2.CSCO,0,12/12/16,09:57:54,30.190000000,200
US2.CSCO,0,12/12/16,09:57:54,30.190000000,100
US2.CSCO,0,12/12/16,09:58:02,30.185000000,100
US2.CSCO,0,12/12/16,09:58:21,30.185000000,100
US2.CSCO,0,12/12/16,09:58:21,30.185000000,100
US2.CSCO,0,12/12/16,09:58:21,30.185000000,200
US2.CSCO,0,12/12/16,09:58:21,30.185000000,100
US2.CSCO,0,12/12/16,09:58:21,30.185000000,100
US2.CSCO,0,12/12/16,09:58:29,30.180000000,200
US2.CSCO,0,12/12/16,09:58:29,30.180000000,500
US2.CSCO,0,12/12/16,09:58:29,30.170000000,100
US2.CSCO,0,12/12/16,09:58:29,30.170000000,200
US2.CSCO,0,12/12/16,09:58:29,30.170000000,300
US2.CSCO,0,12/12/16,09:58:29,30.170000000,300
US2.CSCO,0,12/12/16,09:58:29,30.170000000,200
US2.CSCO,0,12/12/16,09:58:29,30.170000000,200
US2.CSCO,0,12/12/16,09:58:29,30.170000000,300
US2.CSCO,0,12/12/16,09:58:29,30.170000000,700
US2.CSCO,0,12/12/16,09:58:29,30.170000000,200
US2.CSCO,0,12/12/16,09:58:29,30.170000000,500
US2.CSCO,0,12/12/16,09:58:29,30.170000000,300
US2.CSCO,0,12/12/16,09:58:29,30.170000000,200
US2.CSCO,0,12/12/16,09:58:29,30.170000000,200
US2.CSCO,0,12/12/16,09:58:29,30.170000000,200
US2.CSCO,0,12/12/16,09:58:29,30.170000000,200
US2.CSCO,0,12/12/16,09:58:29,30.170000000,200
US2.CSCO,0,12/12/16,09:58:29,30.170000000,200
US2.CSCO,0,12/12/16,09:58:29,30.170000000,300
US2.CSCO,0,12/12/16,09:58:29,30.170000000,200
US2.CSCO,0,12/12/16,09:58:29,30.170000000,200
US2.CSCO,0,12/12/16,09:58:29,30.170000000,600
US2.CSCO,0,12/12/16,09:58:29,30.170000000,100
US2.CSCO,0,12/12/16,09:58:29,30.170000000,200
US2.CSCO,0,12/12/16,09:58:29,30.170000000,200
US2.CSCO,0,12/12/16,09:58:29,30.170000000,388
US2.CSCO,0,12/12/16,09:58:40,30.170000000,100
US2.CSCO,0,12/12/16,09:58:43,30.165000000,100
US2.CSCO,0,12/12/16,09:58:43,30.170000000,100
US2.CSCO,0,12/12/16,09:58:46,30.170000000,100
US2.CSCO,0,12/12/16,09:58:46,30.170000000,100
US2.CSCO,0,12/12/16,09:58:46,30.170000000,100
US2.CSCO,0,12/12/16,09:58:46,30.170000000,300
US2.CSCO,0,12/12/16,09:58:46,30.170000000,100
US2.CSCO,0,12/12/16,09:58:46,30.170000000,100
US2.CSCO,0,12/12/16,09:58:46,30.170000000,200
US2.CSCO,0,12/12/16,09:58:49,30.170000000,200
US2.CSCO,0,12/12/16,09:59:21,30.160000000,100
US2.CSCO,0,12/12/16,09:59:59,30.155000000,190
US2.CSCO,0,12/12/16,09:59:59,30.160000000,139
US2.CSCO,0,12/12/16,09:59:59,30.160000000,200
US2.CSCO,0,12/12/16,09:59:59,30.160000000,100
US2.CSCO,0,12/12/16,09:59:59,30.160000000,100
US2.CSCO,0,12/12/16,09:59:59,30.160000000,100
US2.CSCO,0,12/12/16,09:59:59,30.160000000,300
US2.CSCO,0,12/12/16,09:59:59,30.160000000,100
US2.CSCO,0,12/12/16,09:59:59,30.160000000,100
US2.CSCO,0,12/12/16,09:59:59,30.160000000,100
US2.CSCO,0,12/12/16,09:59:59,30.160000000,100
US2.CSCO,0,12/12/16,10:00:00,30.150000000,200
US2.CSCO,0,12/12/16,10:00:00,30.150000000,100
US2.CSCO,0,12/12/16,10:00:00,30.150000000,100
US2.CSCO,0,12/12/16,10:00:00,30.150000000,100
US2.CSCO,0,12/12/16,10:00:00,30.150000000,100
US2.CSCO,0,12/12/16,10:00:02,30.145000000,100
US2.CSCO,0,12/12/16,10:00:02,30.145000000,100
US2.CSCO,0,12/12/16,10:00:02,30.145000000,100
US2.CSCO,0,12/12/16,10:00:03,30.145000000,100
US2.CSCO,0,12/12/16,10:00:03,30.145000000,200
US2.CSCO,0,12/12/16,10:00:06,30.145000000,200
US2.CSCO,0,12/12/16,10:00:10,30.145000000,200
US2.CSCO,0,12/12/16,10:00:10,30.150000000,114
US2.CSCO,0,12/12/16,10:00:10,30.150000000,400
US2.CSCO,0,12/12/16,10:00:10,30.150000000,100
US2.CSCO,0,12/12/16,10:00:10,30.150000000,272
US2.CSCO,0,12/12/16,10:00:10,30.150000000,100
US2.CSCO,0,12/12/16,10:00:10,30.150000000,200
US2.CSCO,0,12/12/16,10:00:10,30.150000000,200
US2.CSCO,0,12/12/16,10:00:10,30.150000000,100
US2.CSCO,0,12/12/16,10:00:10,30.150000000,100
US2.CSCO,0,12/12/16,10:00:10,30.150000000,566
US2.CSCO,0,12/12/16,10:00:10,30.150000000,500
US2.CSCO,0,12/12/16,10:00:10,30.150000000,300
US2.CSCO,0,12/12/16,10:00:12,30.150000000,100
US2.CSCO,0,12/12/16,10:00:12,30.150000000,100
US2.CSCO,0,12/12/16,10:00:30,30.150000000,137
US2.CSCO,0,12/12/16,10:00:38,30.150000000,100
US2.CSCO,0,12/12/16,10:00:38,30.150000000,296
US2.CSCO,0,12/12/16,10:00:38,30.150000000,300
US2.CSCO,0,12/12/16,10:00:38,30.150000000,400
US2.CSCO,0,12/12/16,10:00:38,30.150000000,500
US2.CSCO,0,12/12/16,10:00:38,30.150000000,500
US2.CSCO,0,12/12/16,10:00:38,30.150000000,300
US2.CSCO,0,12/12/16,10:00:39,30.150000000,300
US2.CSCO,0,12/12/16,10:00:40,30.150000000,100
US2.CSCO,0,12/12/16,10:01:04,30.155000000,100
US2.CSCO,0,12/12/16,10:01:04,30.160000000,100
US2.CSCO,0,12/12/16,10:01:04,30.160000000,100
US2.CSCO,0,12/12/16,10:01:11,30.160000000,200
US2.CSCO,0,12/12/16,10:01:11,30.160000000,200
US2.CSCO,0,12/12/16,10:01:23,30.160000000,100
US2.CSCO,0,12/12/16,10:01:23,30.160000000,200
US2.CSCO,0,12/12/16,10:01:23,30.160000000,200
US2.CSCO,0,12/12/16,10:01:23,30.160000000,100
US2.CSCO,0,12/12/16,10:01:26,30.155000000,200
US2.CSCO,0,12/12/16,10:01:26,30.155000000,100
US2.CSCO,0,12/12/16,10:01:26,30.155000000,100
US2.CSCO,0,12/12/16,10:01:26,30.155000000,100
US2.CSCO,0,12/12/16,10:01:27,30.155000000,175
US2.CSCO,0,12/12/16,10:01:27,30.155000000,100
US2.CSCO,0,12/12/16,10:01:27,30.155000000,200
US2.CSCO,0,12/12/16,10:01:44,30.150000000,200
US2.CSCO,0,12/12/16,10:01:44,30.150000000,100
US2.CSCO,0,12/12/16,10:01:54,30.150000000,200
US2.CSCO,0,12/12/16,10:01:55,30.155000000,100
US2.CSCO,0,12/12/16,10:01:55,30.155000000,1100
US2.CSCO,0,12/12/16,10:01:56,30.150000000,100
US2.CSCO,0,12/12/16,10:01:56,30.150000000,300
US2.CSCO,0,12/12/16,10:01:56,30.150000000,200
US2.CSCO,0,12/12/16,10:01:56,30.150000000,100
US2.CSCO,0,12/12/16,10:01:56,30.150000000,100
US2.CSCO,0,12/12/16,10:02:01,30.140000000,100
US2.CSCO,0,12/12/16,10:02:01,30.140000000,200
US2.CSCO,0,12/12/16,10:02:01,30.140000000,300
US2.CSCO,0,12/12/16,10:02:01,30.140000000,100
US2.CSCO,0,12/12/16,10:02:09,30.130000000,200
US2.CSCO,0,12/12/16,10:02:09,30.130000000,100
US2.CSCO,0,12/12/16,10:02:09,30.130000000,300
US2.CSCO,0,12/12/16,10:02:09,30.130000000,200
US2.CSCO,0,12/12/16,10:02:09,30.130000000,100
US2.CSCO,0,12/12/16,10:02:09,30.130000000,700
US2.CSCO,0,12/12/16,10:02:10,30.130000000,700
US2.CSCO,0,12/12/16,10:02:10,30.130000000,100
US2.CSCO,0,12/12/16,10:02:17,30.140000000,200
US2.CSCO,0,12/12/16,10:02:17,30.140000000,139
US2.CSCO,0,12/12/16,10:02:17,30.140000000,300
US2.CSCO,0,12/12/16,10:02:17,30.140000000,200
US2.CSCO,0,12/12/16,10:02:17,30.140000000,200
US2.CSCO,0,12/12/16,10:02:17,30.140000000,100
US2.CSCO,0,12/12/16,10:02:17,30.140000000,100
US2.CSCO,0,12/12/16,10:02:17,30.140000000,300
US2.CSCO,0,12/12/16,10:02:17,30.140000000,100
US2.CSCO,0,12/12/16,10:02:17,30.140000000,100
US2.CSCO,0,12/12/16,10:02:17,30.140000000,500
US2.CSCO,0,12/12/16,10:02:17,30.140000000,400
US2.CSCO,0,12/12/16,10:02:17,30.140000000,200
US2.CSCO,0,12/12/16,10:02:17,30.140000000,500
US2.CSCO,0,12/12/16,10:02:17,30.140000000,200
US2.CSCO,0,12/12/16,10:02:17,30.140000000,200
US2.CSCO,0,12/12/16,10:02:17,30.140000000,300
US2.CSCO,0,12/12/16,10:02:17,30.140000000,200
US2.CSCO,0,12/12/16,10:02:17,30.140000000,300
US2.CSCO,0,12/12/16,10:02:17,30.140000000,200
US2.CSCO,0,12/12/16,10:02:17,30.140000000,200
US2.CSCO,0,12/12/16,10:02:17,30.140000000,200
US2.CSCO,0,12/12/16,10:02:17,30.140000000,500
US2.CSCO,0,12/12/16,10:02:17,30.140000000,600
US2.CSCO,0,12/12/16,10:02:17,30.140000000,300
US2.CSCO,0,12/12/16,10:02:17,30.140000000,200
US2.CSCO,0,12/12/16,10:02:17,30.140000000,100
US2.CSCO,0,12/12/16,10:02:17,30.140000000,200
US2.CSCO,0,12/12/16,10:02:17,30.140000000,300
US2.CSCO,0,12/12/16,10:02:17,30.140000000,200
US2.CSCO,0,12/12/16,10:02:17,30.140000000,200
US2.CSCO,0,12/12/16,10:02:17,30.140000000,100
US2.CSCO,0,12/12/16,10:02:17,30.135000000,100
US2.CSCO,0,12/12/16,10:02:17,30.140000000,200
US2.CSCO,0,12/12/16,10:02:19,30.130000000,200
US2.CSCO,0,12/12/16,10:02:19,30.130000000,200
US2.CSCO,0,12/12/16,10:02:19,30.130000000,100
US2.CSCO,0,12/12/16,10:02:19,30.130000000,190
US2.CSCO,0,12/12/16,10:02:49,30.120000000,200
US2.CSCO,0,12/12/16,10:02:49,30.120000000,200
US2.CSCO,0,12/12/16,10:02:49,30.120000000,300
US2.CSCO,0,12/12/16,10:02:49,30.120000000,100
US2.CSCO,0,12/12/16,10:02:55,30.120000000,100
US2.CSCO,0,12/12/16,10:03:05,30.120000000,100
US2.CSCO,0,12/12/16,10:03:07,30.115000000,200
US2.CSCO,0,12/12/16,10:03:07,30.115000000,100
US2.CSCO,0,12/12/16,10:03:07,30.115000000,100
US2.CSCO,0,12/12/16,10:03:07,30.115000000,100
US2.CSCO,0,12/12/16,10:03:07,30.120000000,200
US2.CSCO,0,12/12/16,10:03:07,30.120000000,600
US2.CSCO,0,12/12/16,10:03:07,30.120000000,300
US2.CSCO,0,12/12/16,10:03:07,30.120000000,100
US2.CSCO,0,12/12/16,10:03:07,30.115000000,100
US2.CSCO,0,12/12/16,10:03:07,30.120000000,200
US2.CSCO,0,12/12/16,10:03:17,30.125000000,152
US2.CSCO,0,12/12/16,10:03:42,30.125000000,100
US2.CSCO,0,12/12/16,10:03:42,30.125000000,100
US2.CSCO,0,12/12/16,10:03:42,30.120000000,200
US2.CSCO,0,12/12/16,10:03:42,30.120000000,100
US2.CSCO,0,12/12/16,10:03:42,30.120000000,100
US2.CSCO,0,12/12/16,10:03:42,30.120000000,290
US2.CSCO,0,12/12/16,10:03:48,30.115000000,100
US2.CSCO,0,12/12/16,10:03:50,30.110000000,100
US2.CSCO,0,12/12/16,10:04:08,30.120000000,186
US2.CSCO,0,12/12/16,10:04:08,30.120000000,214
US2.CSCO,0,12/12/16,10:04:09,30.120000000,100
US2.CSCO,0,12/12/16,10:04:09,30.120000000,100
US2.CSCO,0,12/12/16,10:04:11,30.115000000,100
US2.CSCO,0,12/12/16,10:04:14,30.120000000,200
US2.CSCO,0,12/12/16,10:04:16,30.120000000,100
US2.CSCO,0,12/12/16,10:04:16,30.120000000,200
US2.CSCO,0,12/12/16,10:04:19,30.130000000,200
US2.CSCO,0,12/12/16,10:04:19,30.130000000,100
US2.CSCO,0,12/12/16,10:04:19,30.130000000,100
US2.CSCO,0,12/12/16,10:04:21,30.130000000,300
US2.CSCO,0,12/12/16,10:04:21,30.130000000,200
US2.CSCO,0,12/12/16,10:04:27,30.140000000,100
US2.CSCO,0,12/12/16,10:04:30,30.140000000,300
US2.CSCO,0,12/12/16,10:04:30,30.140000000,200
US2.CSCO,0,12/12/16,10:04:30,30.140000000,200
US2.CSCO,0,12/12/16,10:04:30,30.140000000,200
US2.CSCO,0,12/12/16,10:04:30,30.140000000,200
US2.CSCO,0,12/12/16,10:04:30,30.140000000,200
US2.CSCO,0,12/12/16,10:04:31,30.145000000,100
US2.CSCO,0,12/12/16,10:04:47,30.140000000,800
US2.CSCO,0,12/12/16,10:04:47,30.140000000,100
US2.CSCO,0,12/12/16,10:04:47,30.140000000,100
US2.CSCO,0,12/12/16,10:04:47,30.140000000,100
US2.CSCO,0,12/12/16,10:04:47,30.140000000,100
US2.CSCO,0,12/12/16,10:04:47,30.140000000,200
US2.CSCO,0,12/12/16,10:04:47,30.140000000,1000
US2.CSCO,0,12/12/16,10:04:49,30.140000000,400
US2.CSCO,0,12/12/16,10:04:49,30.140000000,250
US2.CSCO,0,12/12/16,10:04:49,30.145000000,100
US2.CSCO,0,12/12/16,10:04:49,30.145000000,200
US2.CSCO,0,12/12/16,10:04:49,30.150000000,200
US2.CSCO,0,12/12/16,10:04:49,30.150000000,300
US2.CSCO,0,12/12/16,10:04:49,30.150000000,200
US2.CSCO,0,12/12/16,10:04:49,30.150000000,200
US2.CSCO,0,12/12/16,10:04:49,30.150000000,300
US2.CSCO,0,12/12/16,10:04:49,30.150000000,200
US2.CSCO,0,12/12/16,10:04:49,30.150000000,100
US2.CSCO,0,12/12/16,10:04:49,30.150000000,400
US2.CSCO,0,12/12/16,10:05:00,30.150000000,100
US2.CSCO,0,12/12/16,10:05:00,30.150000000,200
US2.CSCO,0,12/12/16,10:05:00,30.150000000,300
US2.CSCO,0,12/12/16,10:05:01,30.155000000,100
US2.CSCO,0,12/12/16,10:05:14,30.155000000,100
US2.CSCO,0,12/12/16,10:05:18,30.155000000,100
US2.CSCO,0,12/12/16,10:05:20,30.150000000,203
US2.CSCO,0,12/12/16,10:05:20,30.150000000,100
US2.CSCO,0,12/12/16,10:05:21,30.150000000,100
US2.CSCO,0,12/12/16,10:05:28,30.150000000,700
US2.CSCO,0,12/12/16,10:05:28,30.150000000,100
US2.CSCO,0,12/12/16,10:05:33,30.150000000,100
US2.CSCO,0,12/12/16,10:05:37,30.140000000,200
US2.CSCO,0,12/12/16,10:05:37,30.140000000,300
US2.CSCO,0,12/12/16,10:05:37,30.140000000,200
US2.CSCO,0,12/12/16,10:05:37,30.140000000,200
US2.CSCO,0,12/12/16,10:06:01,30.130000000,100
US2.CSCO,0,12/12/16,10:06:03,30.140000000,140
US2.CSCO,0,12/12/16,10:06:05,30.140000000,100
US2.CSCO,0,12/12/16,10:06:15,30.140000000,100
US2.CSCO,0,12/12/16,10:06:16,30.140000000,138
US2.CSCO,0,12/12/16,10:06:16,30.140000000,100
US2.CSCO,0,12/12/16,10:06:28,30.135000000,100
US2.CSCO,0,12/12/16,10:06:32,30.130000000,100
US2.CSCO,0,12/12/16,10:06:32,30.130000000,100
US2.CSCO,0,12/12/16,10:06:32,30.130000000,100
US2.CSCO,0,12/12/16,10:06:40,30.125000000,100
US2.CSCO,0,12/12/16,10:06:40,30.125000000,100
US2.CSCO,0,12/12/16,10:06:55,30.130000000,200
US2.CSCO,0,12/12/16,10:06:57,30.130000000,100
US2.CSCO,0,12/12/16,10:06:57,30.130000000,100
US2.CSCO,0,12/12/16,10:07:04,30.140000000,100
US2.CSCO,0,12/12/16,10:07:31,30.140000000,100
US2.CSCO,0,12/12/16,10:07:31,30.140000000,100
US2.CSCO,0,12/12/16,10:07:46,30.130000000,100
US2.CSCO,0,12/12/16,10:07:46,30.130000000,100
US2.CSCO,0,12/12/16,10:07:46,30.130000000,100
US2.CSCO,0,12/12/16,10:07:46,30.130000000,100
US2.CSCO,0,12/12/16,10:07:46,30.130000000,213
US2.CSCO,0,12/12/16,10:07:48,30.130000000,100
US2.CSCO,0,12/12/16,10:07:48,30.130000000,100
US2.CSCO,0,12/12/16,10:07:48,30.130000000,100
US2.CSCO,0,12/12/16,10:07:52,30.130000000,150
US2.CSCO,0,12/12/16,10:07:58,30.130000000,116
US2.CSCO,0,12/12/16,10:08:21,30.120000000,100
US2.CSCO,0,12/12/16,10:08:23,30.110000000,100
US2.CSCO,0,12/12/16,10:08:44,30.115000000,100
US2.CSCO,0,12/12/16,10:08:44,30.115000000,100
US2.CSCO,0,12/12/16,10:08:44,30.115000000,100
US2.CSCO,0,12/12/16,10:08:44,30.120000000,100
US2.CSCO,0,12/12/16,10:08:44,30.120000000,200
US2.CSCO,0,12/12/16,10:08:44,30.120000000,192
US2.CSCO,0,12/12/16,10:08:44,30.120000000,100
US2.CSCO,0,12/12/16,10:08:44,30.120000000,100
US2.CSCO,0,12/12/16,10:08:44,30.120000000,100
US2.CSCO,0,12/12/16,10:08:44,30.120000000,100
US2.CSCO,0,12/12/16,10:08:55,30.110000000,200
US2.CSCO,0,12/12/16,10:08:55,30.110000000,100
US2.CSCO,0,12/12/16,10:08:55,30.110000000,267
US2.CSCO,0,12/12/16,10:08:55,30.110000000,100
US2.CSCO,0,12/12/16,10:08:55,30.110000000,100
US2.CSCO,0,12/12/16,10:08:55,30.110000000,100
US2.CSCO,0,12/12/16,10:08:55,30.110000000,500
US2.CSCO,0,12/12/16,10:08:56,30.110000000,100
US2.CSCO,0,12/12/16,10:08:56,30.110000000,300
US2.CSCO,0,12/12/16,10:08:56,30.110000000,100
US2.CSCO,0,12/12/16,10:08:57,30.110000000,100
US2.CSCO,0,12/12/16,10:08:59,30.110000000,165
US2.CSCO,0,12/12/16,10:09:15,30.110000000,200
US2.CSCO,0,12/12/16,10:09:15,30.110000000,300
US2.CSCO,0,12/12/16,10:09:15,30.110000000,200
US2.CSCO,0,12/12/16,10:09:15,30.110000000,300
US2.CSCO,0,12/12/16,10:09:15,30.110000000,100
US2.CSCO,0,12/12/16,10:09:15,30.110000000,100
US2.CSCO,0,12/12/16,10:09:15,30.110000000,567
US2.CSCO,0,12/12/16,10:09:15,30.110000000,100
US2.CSCO,0,12/12/16,10:09:15,30.110000000,500
US2.CSCO,0,12/12/16,10:09:15,30.110000000,100
US2.CSCO,0,12/12/16,10:09:15,30.110000000,500
US2.CSCO,0,12/12/16,10:09:15,30.110000000,100
US2.CSCO,0,12/12/16,10:09:15,30.110000000,400
US2.CSCO,0,12/12/16,10:09:35,30.105000000,100
US2.CSCO,0,12/12/16,10:09:41,30.100000000,100
US2.CSCO,0,12/12/16,10:09:41,30.100000000,100
US2.CSCO,0,12/12/16,10:09:41,30.100000000,100
US2.CSCO,0,12/12/16,10:09:53,30.100000000,400
US2.CSCO,0,12/12/16,10:09:53,30.100000000,100
US2.CSCO,0,12/12/16,10:09:53,30.100000000,100
US2.CSCO,0,12/12/16,10:10:06,30.110000000,200
US2.CSCO,0,12/12/16,10:10:06,30.110000000,200
US2.CSCO,0,12/12/16,10:10:06,30.110000000,100
US2.CSCO,0,12/12/16,10:10:06,30.110000000,100
US2.CSCO,0,12/12/16,10:10:06,30.110000000,100
US2.CSCO,0,12/12/16,10:10:06,30.110000000,100
US2.CSCO,0,12/12/16,10:10:06,30.110000000,100
US2.CSCO,0,12/12/16,10:10:06,30.110000000,100
US2.CSCO,0,12/12/16,10:10:06,30.110000000,100
US2.CSCO,0,12/12/16,10:10:06,30.110000000,100
US2.CSCO,0,12/12/16,10:10:06,30.115000000,200
US2.CSCO,0,12/12/16,10:10:06,30.120000000,100
US2.CSCO,0,12/12/16,10:10:06,30.120000000,100
US2.CSCO,0,12/12/16,10:10:06,30.120000000,100
US2.CSCO,0,12/12/16,10:10:06,30.120000000,192
US2.CSCO,0,12/12/16,10:10:07,30.120000000,521
US2.CSCO,0,12/12/16,10:10:07,30.120000000,100
US2.CSCO,0,12/12/16,10:10:13,30.120000000,100
US2.CSCO,0,12/12/16,10:10:13,30.120000000,186
US2.CSCO,0,12/12/16,10:10:13,30.120000000,314
US2.CSCO,0,12/12/16,10:10:35,30.115000000,100
US2.CSCO,0,12/12/16,10:11:15,30.115000000,100
US2.CSCO,0,12/12/16,10:11:15,30.115000000,100
US2.CSCO,0,12/12/16,10:11:20,30.110000000,100
US2.CSCO,0,12/12/16,10:11:25,30.110000000,100
US2.CSCO,0,12/12/16,10:11:25,30.110000000,100
US2.CSCO,0,12/12/16,10:11:25,30.110000000,100
US2.CSCO,0,12/12/16,10:11:32,30.105000000,100
US2.CSCO,0,12/12/16,10:11:46,30.105000000,100
US2.CSCO,0,12/12/16,10:12:22,30.100000000,100
US2.CSCO,0,12/12/16,10:12:22,30.100000000,288
US2.CSCO,0,12/12/16,10:12:22,30.100000000,100
US2.CSCO,0,12/12/16,10:12:22,30.100000000,100
US2.CSCO,0,12/12/16,10:12:28,30.105000000,100
US2.CSCO,0,12/12/16,10:12:32,30.110000000,200
US2.CSCO,0,12/12/16,10:12:32,30.110000000,300
US2.CSCO,0,12/12/16,10:12:46,30.110000000,100
US2.CSCO,0,12/12/16,10:12:46,30.110000000,100
US2.CSCO,0,12/12/16,10:12:46,30.110000000,100
US2.CSCO,0,12/12/16,10:12:46,30.110000000,200
US2.CSCO,0,12/12/16,10:12:46,30.110000000,100
US2.CSCO,0,12/12/16,10:12:46,30.110000000,300
US2.CSCO,0,12/12/16,10:12:46,30.110000000,100
US2.CSCO,0,12/12/16,10:12:46,30.110000000,100
US2.CSCO,0,12/12/16,10:12:46,30.110000000,200
US2.CSCO,0,12/12/16,10:12:46,30.110000000,100
US2.CSCO,0,12/12/16,10:13:00,30.110000000,100
US2.CSCO,0,12/12/16,10:13:00,30.110000000,200
US2.CSCO,0,12/12/16,10:13:00,30.110000000,1000
US2.CSCO,0,12/12/16,10:13:00,30.110000000,300
US2.CSCO,0,12/12/16,10:13:00,30.110000000,100
US2.CSCO,0,12/12/16,10:13:00,30.110000000,100
US2.CSCO,0,12/12/16,10:13:00,30.110000000,100
US2.CSCO,0,12/12/16,10:13:01,30.105000000,100
US2.CSCO,0,12/12/16,10:13:10,30.100000000,100
US2.CSCO,0,12/12/16,10:13:10,30.100000000,100
US2.CSCO,0,12/12/16,10:13:24,30.105000000,100
US2.CSCO,0,12/12/16,10:13:42,30.100000000,100
US2.CSCO,0,12/12/16,10:13:42,30.100000000,100
US2.CSCO,0,12/12/16,10:13:42,30.100000000,100
US2.CSCO,0,12/12/16,10:13:42,30.100000000,100
US2.CSCO,0,12/12/16,10:13:42,30.100000000,100
US2.CSCO,0,12/12/16,10:13:42,30.100000000,600
US2.CSCO,0,12/12/16,10:13:42,30.100000000,100
US2.CSCO,0,12/12/16,10:13:42,30.100000000,100
US2.CSCO,0,12/12/16,10:13:42,30.100000000,200
US2.CSCO,0,12/12/16,10:13:42,30.100000000,100
US2.CSCO,0,12/12/16,10:13:42,30.100000000,250
US2.CSCO,0,12/12/16,10:13:42,30.100000000,200
US2.CSCO,0,12/12/16,10:14:29,30.110000000,116
US2.CSCO,0,12/12/16,10:14:29,30.110000000,100
US2.CSCO,0,12/12/16,10:14:29,30.110000000,200
US2.CSCO,0,12/12/16,10:14:29,30.110000000,300
US2.CSCO,0,12/12/16,10:14:29,30.110000000,242
US2.CSCO,0,12/12/16,10:14:29,30.110000000,100
US2.CSCO,0,12/12/16,10:14:29,30.110000000,100
US2.CSCO,0,12/12/16,10:14:29,30.110000000,100
US2.CSCO,0,12/12/16,10:14:29,30.110000000,100
US2.CSCO,0,12/12/16,10:14:29,30.110000000,100
US2.CSCO,0,12/12/16,10:14:29,30.120000000,100
US2.CSCO,0,12/12/16,10:14:29,30.120000000,100
US2.CSCO,0,12/12/16,10:14:43,30.110000000,200
US2.CSCO,0,12/12/16,10:14:43,30.110000000,100
US2.CSCO,0,12/12/16,10:14:43,30.110000000,100
US2.CSCO,0,12/12/16,10:14:43,30.110000000,300
US2.CSCO,0,12/12/16,10:14:43,30.110000000,300
US2.CSCO,0,12/12/16,10:14:43,30.110000000,100
US2.CSCO,0,12/12/16,10:14:43,30.110000000,100
US2.CSCO,0,12/12/16,10:14:43,30.110000000,100
US2.CSCO,0,12/12/16,10:14:43,30.110000000,100
US2.CSCO,0,12/12/16,10:14:43,30.110000000,1000
US2.CSCO,0,12/12/16,10:15:19,30.110000000,300
US2.CSCO,0,12/12/16,10:15:19,30.110000000,200
US2.CSCO,0,12/12/16,10:15:19,30.110000000,200
US2.CSCO,0,12/12/16,10:15:19,30.110000000,300
US2.CSCO,0,12/12/16,10:15:19,30.110000000,100
US2.CSCO,0,12/12/16,10:15:19,30.110000000,100
US2.CSCO,0,12/12/16,10:15:19,30.110000000,100
US2.CSCO,0,12/12/16,10:15:19,30.110000000,100
US2.CSCO,0,12/12/16,10:15:19,30.110000000,100
US2.CSCO,0,12/12/16,10:15:19,30.110000000,100
US2.CSCO,0,12/12/16,10:15:19,30.110000000,100
US2.CSCO,0,12/12/16,10:15:19,30.115000000,100
US2.CSCO,0,12/12/16,10:15:25,30.110000000,100
US2.CSCO,0,12/12/16,10:15:25,30.110000000,200
US2.CSCO,0,12/12/16,10:15:25,30.110000000,100
US2.CSCO,0,12/12/16,10:15:35,30.100000000,100
US2.CSCO,0,12/12/16,10:15:35,30.100000000,100
US2.CSCO,0,12/12/16,10:15:41,30.100000000,100
US2.CSCO,0,12/12/16,10:16:00,30.100000000,100
US2.CSCO,0,12/12/16,10:16:00,30.100000000,100
US2.CSCO,0,12/12/16,10:16:00,30.100000000,100
US2.CSCO,0,12/12/16,10:16:14,30.090000000,100
US2.CSCO,0,12/12/16,10:16:14,30.090000000,326
US2.CSCO,0,12/12/16,10:16:14,30.090000000,200
US2.CSCO,0,12/12/16,10:16:14,30.090000000,600
US2.CSCO,0,12/12/16,10:16:14,30.090000000,100
US2.CSCO,0,12/12/16,10:16:16,30.085000000,100
US2.CSCO,0,12/12/16,10:16:16,30.080000000,200
US2.CSCO,0,12/12/16,10:16:16,30.080000000,200
US2.CSCO,0,12/12/16,10:16:21,30.090000000,200
US2.CSCO,0,12/12/16,10:16:21,30.090000000,200
US2.CSCO,0,12/12/16,10:16:21,30.090000000,100
US2.CSCO,0,12/12/16,10:16:21,30.090000000,300
US2.CSCO,0,12/12/16,10:16:21,30.090000000,200
US2.CSCO,0,12/12/16,10:16:21,30.090000000,200
US2.CSCO,0,12/12/16,10:16:21,30.090000000,200
US2.CSCO,0,12/12/16,10:16:21,30.090000000,300
US2.CSCO,0,12/12/16,10:16:21,30.090000000,100
US2.CSCO,0,12/12/16,10:16:21,30.090000000,100
US2.CSCO,0,12/12/16,10:16:32,30.090000000,100
US2.CSCO,0,12/12/16,10:16:32,30.090000000,300
US2.CSCO,0,12/12/16,10:16:57,30.090000000,300
US2.CSCO,0,12/12/16,10:16:57,30.090000000,100
US2.CSCO,0,12/12/16,10:16:57,30.090000000,200
US2.CSCO,0,12/12/16,10:16:57,30.090000000,100
US2.CSCO,0,12/12/16,10:16:57,30.090000000,200
US2.CSCO,0,12/12/16,10:16:57,30.090000000,200
US2.CSCO,0,12/12/16,10:17:07,30.090000000,100
US2.CSCO,0,12/12/16,10:17:24,30.080000000,100
US2.CSCO,0,12/12/16,10:17:24,30.080000000,200
US2.CSCO,0,12/12/16,10:17:24,30.080000000,681
US2.CSCO,0,12/12/16,10:17:24,30.080000000,100
US2.CSCO,0,12/12/16,10:17:24,30.080000000,100
US2.CSCO,0,12/12/16,10:17:24,30.080000000,100
US2.CSCO,0,12/12/16,10:17:24,30.080000000,100
US2.CSCO,0,12/12/16,10:17:54,30.070000000,100
US2.CSCO,0,12/12/16,10:17:54,30.070000000,100
US2.CSCO,0,12/12/16,10:17:55,30.070000000,242
US2.CSCO,0,12/12/16,10:17:55,30.070000000,100
US2.CSCO,0,12/12/16,10:17:55,30.070000000,200
US2.CSCO,0,12/12/16,10:17:55,30.070000000,100
US2.CSCO,0,12/12/16,10:17:55,30.070000000,522
US2.CSCO,0,12/12/16,10:17:55,30.070000000,163
US2.CSCO,0,12/12/16,10:17:55,30.070000000,100
US2.CSCO,0,12/12/16,10:17:55,30.070000000,100
US2.CSCO,0,12/12/16,10:17:55,30.065000000,100
US2.CSCO,0,12/12/16,10:18:04,30.070000000,200
US2.CSCO,0,12/12/16,10:18:04,30.070000000,100
US2.CSCO,0,12/12/16,10:18:04,30.070000000,200
US2.CSCO,0,12/12/16,10:18:04,30.070000000,100
US2.CSCO,0,12/12/16,10:18:04,30.070000000,300
US2.CSCO,0,12/12/16,10:18:04,30.070000000,400
US2.CSCO,0,12/12/16,10:18:04,30.070000000,100
US2.CSCO,0,12/12/16,10:18:04,30.070000000,100
US2.CSCO,0,12/12/16,10:18:04,30.070000000,112
US2.CSCO,0,12/12/16,10:18:16,30.075000000,100
US2.CSCO,0,12/12/16,10:18:16,30.075000000,100
US2.CSCO,0,12/12/16,10:18:33,30.060000000,100
US2.CSCO,0,12/12/16,10:18:33,30.060000000,343
US2.CSCO,0,12/12/16,10:18:34,30.060000000,100
US2.CSCO,0,12/12/16,10:18:34,30.060000000,100
US2.CSCO,0,12/12/16,10:18:36,30.060000000,100
US2.CSCO,0,12/12/16,10:18:46,30.060000000,100
US2.CSCO,0,12/12/16,10:18:46,30.060000000,134
US2.CSCO,0,12/12/16,10:18:46,30.060000000,100
US2.CSCO,0,12/12/16,10:18:46,30.060000000,100
US2.CSCO,0,12/12/16,10:18:46,30.060000000,100
US2.CSCO,0,12/12/16,10:18:46,30.065000000,100
US2.CSCO,0,12/12/16,10:18:46,30.070000000,200
US2.CSCO,0,12/12/16,10:18:46,30.070000000,600
US2.CSCO,0,12/12/16,10:18:46,30.070000000,100
US2.CSCO,0,12/12/16,10:18:46,30.070000000,100
US2.CSCO,0,12/12/16,10:18:46,30.070000000,100
US2.CSCO,0,12/12/16,10:18:46,30.070000000,150
US2.CSCO,0,12/12/16,10:18:46,30.070000000,100
US2.CSCO,0,12/12/16,10:18:46,30.075000000,200
US2.CSCO,0,12/12/16,10:18:46,30.080000000,200
US2.CSCO,0,12/12/16,10:18:46,30.080000000,300
US2.CSCO,0,12/12/16,10:18:46,30.080000000,100
US2.CSCO,0,12/12/16,10:18:46,30.080000000,200
US2.CSCO,0,12/12/16,10:18:46,30.080000000,200
US2.CSCO,0,12/12/16,10:18:46,30.080000000,200
US2.CSCO,0,12/12/16,10:18:46,30.080000000,200
US2.CSCO,0,12/12/16,10:18:46,30.080000000,100
US2.CSCO,0,12/12/16,10:18:46,30.080000000,400
US2.CSCO,0,12/12/16,10:18:46,30.080000000,500
US2.CSCO,0,12/12/16,10:18:46,30.080000000,100
US2.CSCO,0,12/12/16,10:18:46,30.080000000,257
US2.CSCO,0,12/12/16,10:18:46,30.080000000,200
US2.CSCO,0,12/12/16,10:18:46,30.080000000,200
US2.CSCO,0,12/12/16,10:18:46,30.080000000,200
US2.CSCO,0,12/12/16,10:18:46,30.080000000,200
US2.CSCO,0,12/12/16,10:18:46,30.080000000,100
US2.CSCO,0,12/12/16,10:18:46,30.080000000,163
US2.CSCO,0,12/12/16,10:18:46,30.080000000,200
US2.CSCO,0,12/12/16,10:18:46,30.080000000,300
US2.CSCO,0,12/12/16,10:18:46,30.080000000,200
US2.CSCO,0,12/12/16,10:18:46,30.080000000,100
US2.CSCO,0,12/12/16,10:18:46,30.080000000,1101
US2.CSCO,0,12/12/16,10:18:59,30.075000000,100
US2.CSCO,0,12/12/16,10:19:02,30.070000000,100
US2.CSCO,0,12/12/16,10:19:03,30.070000000,100
US2.CSCO,0,12/12/16,10:19:04,30.070000000,100
US2.CSCO,0,12/12/16,10:19:21,30.060000000,100
US2.CSCO,0,12/12/16,10:19:21,30.060000000,100
US2.CSCO,0,12/12/16,10:19:27,30.055000000,100
US2.CSCO,0,12/12/16,10:19:38,30.060000000,100
US2.CSCO,0,12/12/16,10:19:38,30.060000000,100
US2.CSCO,0,12/12/16,10:19:38,30.060000000,100
US2.CSCO,0,12/12/16,10:19:54,30.060000000,100
US2.CSCO,0,12/12/16,10:19:54,30.060000000,100
US2.CSCO,0,12/12/16,10:19:57,30.060000000,200
US2.CSCO,0,12/12/16,10:19:57,30.060000000,100
US2.CSCO,0,12/12/16,10:19:57,30.060000000,100
US2.CSCO,0,12/12/16,10:19:57,30.060000000,100
US2.CSCO,0,12/12/16,10:19:57,30.060000000,100
US2.CSCO,0,12/12/16,10:19:57,30.060000000,631
US2.CSCO,0,12/12/16,10:19:57,30.060000000,200
US2.CSCO,0,12/12/16,10:20:00,30.070000000,266
US2.CSCO,0,12/12/16,10:20:00,30.070000000,100
US2.CSCO,0,12/12/16,10:20:00,30.070000000,100
US2.CSCO,0,12/12/16,10:20:00,30.070000000,100
US2.CSCO,0,12/12/16,10:20:23,30.070000000,100
US2.CSCO,0,12/12/16,10:20:40,30.080000000,300
US2.CSCO,0,12/12/16,10:20:40,30.080000000,100
US2.CSCO,0,12/12/16,10:20:40,30.080000000,400
US2.CSCO,0,12/12/16,10:21:01,30.080000000,100
US2.CSCO,0,12/12/16,10:21:25,30.080000000,100
US2.CSCO,0,12/12/16,10:21:25,30.080000000,100
US2.CSCO,0,12/12/16,10:21:25,30.080000000,200
US2.CSCO,0,12/12/16,10:21:25,30.080000000,100
US2.CSCO,0,12/12/16,10:21:25,30.080000000,100
US2.CSCO,0,12/12/16,10:21:25,30.080000000,100
US2.CSCO,0,12/12/16,10:21:44,30.090000000,100
US2.CSCO,0,12/12/16,10:21:52,30.090000000,100
US2.CSCO,0,12/12/16,10:21:52,30.090000000,100
US2.CSCO,0,12/12/16,10:21:52,30.090000000,100
US2.CSCO,0,12/12/16,10:21:52,30.090000000,200
US2.CSCO,0,12/12/16,10:21:52,30.090000000,200
US2.CSCO,0,12/12/16,10:21:58,30.095000000,100
US2.CSCO,0,12/12/16,10:22:09,30.110000000,100
US2.CSCO,0,12/12/16,10:22:09,30.110000000,100
US2.CSCO,0,12/12/16,10:22:09,30.110000000,100
US2.CSCO,0,12/12/16,10:22:14,30.110000000,200
US2.CSCO,0,12/12/16,10:22:14,30.110000000,100
US2.CSCO,0,12/12/16,10:22:14,30.110000000,100
US2.CSCO,0,12/12/16,10:22:14,30.110000000,319
US2.CSCO,0,12/12/16,10:22:18,30.110000000,100
US2.CSCO,0,12/12/16,10:22:49,30.110000000,100
US2.CSCO,0,12/12/16,10:22:49,30.110000000,100
US2.CSCO,0,12/12/16,10:22:49,30.110000000,100
US2.CSCO,0,12/12/16,10:22:49,30.110000000,100
US2.CSCO,0,12/12/16,10:22:49,30.110000000,200
US2.CSCO,0,12/12/16,10:22:49,30.110000000,100
US2.CSCO,0,12/12/16,10:22:49,30.110000000,190
US2.CSCO,0,12/12/16,10:22:50,30.110000000,100
US2.CSCO,0,12/12/16,10:22:51,30.110000000,200
US2.CSCO,0,12/12/16,10:22:56,30.110000000,100
US2.CSCO,0,12/12/16,10:22:58,30.110000000,100
US2.CSCO,0,12/12/16,10:23:09,30.110000000,100
US2.CSCO,0,12/12/16,10:23:10,30.110000000,116
US2.CSCO,0,12/12/16,10:23:16,30.110000000,100
US2.CSCO,0,12/12/16,10:23:16,30.110000000,100
US2.CSCO,0,12/12/16,10:23:24,30.110000000,400
US2.CSCO,0,12/12/16,10:23:24,30.110000000,200
US2.CSCO,0,12/12/16,10:23:24,30.110000000,500
US2.CSCO,0,12/12/16,10:23:24,30.110000000,100
US2.CSCO,0,12/12/16,10:23:24,30.110000000,300
US2.CSCO,0,12/12/16,10:23:24,30.110000000,200
US2.CSCO,0,12/12/16,10:23:24,30.110000000,400
US2.CSCO,0,12/12/16,10:23:26,30.120000000,100
US2.CSCO,0,12/12/16,10:23:26,30.120000000,187
US2.CSCO,0,12/12/16,10:23:26,30.120000000,300
US2.CSCO,0,12/12/16,10:23:26,30.120000000,100
US2.CSCO,0,12/12/16,10:23:26,30.120000000,300
US2.CSCO,0,12/12/16,10:23:26,30.120000000,100
US2.CSCO,0,12/12/16,10:23:26,30.120000000,500
US2.CSCO,0,12/12/16,10:23:26,30.120000000,100
US2.CSCO,0,12/12/16,10:23:30,30.120000000,200
US2.CSCO,0,12/12/16,10:23:30,30.120000000,100
US2.CSCO,0,12/12/16,10:23:30,30.120000000,100
US2.CSCO,0,12/12/16,10:23:30,30.120000000,100
US2.CSCO,0,12/12/16,10:23:30,30.120000000,100
US2.CSCO,0,12/12/16,10:23:30,30.120000000,100
US2.CSCO,0,12/12/16,10:23:30,30.120000000,100
US2.CSCO,0,12/12/16,10:23:30,30.120000000,100
US2.CSCO,0,12/12/16,10:23:30,30.120000000,100
US2.CSCO,0,12/12/16,10:23:30,30.120000000,100
US2.CSCO,0,12/12/16,10:23:30,30.120000000,2800
US2.CSCO,0,12/12/16,10:23:30,30.120000000,100
US2.CSCO,0,12/12/16,10:23:30,30.120000000,100
US2.CSCO,0,12/12/16,10:23:30,30.120000000,205
US2.CSCO,0,12/12/16,10:23:30,30.120000000,600
US2.CSCO,0,12/12/16,10:23:30,30.120000000,200
US2.CSCO,0,12/12/16,10:23:30,30.120000000,209
US2.CSCO,0,12/12/16,10:23:31,30.120000000,491
US2.CSCO,0,12/12/16,10:23:31,30.120000000,100
US2.CSCO,0,12/12/16,10:23:31,30.120000000,200
US2.CSCO,0,12/12/16,10:23:31,30.120000000,100
US2.CSCO,0,12/12/16,10:23:31,30.120000000,100
US2.CSCO,0,12/12/16,10:23:31,30.120000000,100
US2.CSCO,0,12/12/16,10:23:31,30.120000000,100
US2.CSCO,0,12/12/16,10:23:31,30.120000000,200
US2.CSCO,0,12/12/16,10:23:31,30.120000000,100
US2.CSCO,0,12/12/16,10:23:31,30.120000000,509
US2.CSCO,0,12/12/16,10:23:37,30.120000000,100
US2.CSCO,0,12/12/16,10:23:37,30.120000000,200
US2.CSCO,0,12/12/16,10:23:37,30.120000000,300
US2.CSCO,0,12/12/16,10:23:45,30.125000000,100
US2.CSCO,0,12/12/16,10:24:01,30.120000000,100
US2.CSCO,0,12/12/16,10:24:01,30.120000000,100
US2.CSCO,0,12/12/16,10:24:01,30.120000000,100
US2.CSCO,0,12/12/16,10:24:21,30.120000000,100
US2.CSCO,0,12/12/16,10:24:21,30.120000000,200
US2.CSCO,0,12/12/16,10:24:21,30.120000000,200
US2.CSCO,0,12/12/16,10:24:21,30.120000000,100
US2.CSCO,0,12/12/16,10:24:21,30.120000000,200
US2.CSCO,0,12/12/16,10:24:21,30.120000000,400
US2.CSCO,0,12/12/16,10:24:21,30.115000000,100
US2.CSCO,0,12/12/16,10:24:21,30.120000000,100
US2.CSCO,0,12/12/16,10:24:39,30.110000000,200
US2.CSCO,0,12/12/16,10:24:39,30.110000000,100
US2.CSCO,0,12/12/16,10:24:39,30.110000000,100
US2.CSCO,0,12/12/16,10:24:42,30.115000000,100
US2.CSCO,0,12/12/16,10:24:42,30.115000000,100
US2.CSCO,0,12/12/16,10:24:42,30.115000000,500
US2.CSCO,0,12/12/16,10:24:42,30.115000000,100
US2.CSCO,0,12/12/16,10:24:42,30.115000000,200
US2.CSCO,0,12/12/16,10:24:42,30.120000000,600
US2.CSCO,0,12/12/16,10:24:42,30.120000000,200
US2.CSCO,0,12/12/16,10:24:42,30.120000000,200
US2.CSCO,0,12/12/16,10:24:42,30.120000000,200
US2.CSCO,0,12/12/16,10:24:42,30.120000000,200
US2.CSCO,0,12/12/16,10:24:42,30.120000000,100
US2.CSCO,0,12/12/16,10:24:42,30.120000000,100
US2.CSCO,0,12/12/16,10:24:42,30.120000000,300
US2.CSCO,0,12/12/16,10:24:42,30.120000000,200
US2.CSCO,0,12/12/16,10:24:42,30.120000000,100
US2.CSCO,0,12/12/16,10:24:42,30.120000000,500
US2.CSCO,0,12/12/16,10:24:42,30.120000000,100
US2.CSCO,0,12/12/16,10:24:42,30.120000000,100
US2.CSCO,0,12/12/16,10:24:42,30.120000000,100
US2.CSCO,0,12/12/16,10:24:42,30.120000000,200
US2.CSCO,0,12/12/16,10:24:42,30.120000000,400
US2.CSCO,0,12/12/16,10:24:42,30.120000000,100
US2.CSCO,0,12/12/16,10:24:42,30.120000000,100
US2.CSCO,0,12/12/16,10:24:42,30.120000000,100
US2.CSCO,0,12/12/16,10:24:42,30.120000000,100
US2.CSCO,0,12/12/16,10:24:42,30.120000000,100
US2.CSCO,0,12/12/16,10:24:42,30.120000000,200
US2.CSCO,0,12/12/16,10:24:42,30.120000000,100
US2.CSCO,0,12/12/16,10:24:42,30.120000000,100
US2.CSCO,0,12/12/16,10:24:42,30.120000000,200
US2.CSCO,0,12/12/16,10:24:49,30.120000000,100
US2.CSCO,0,12/12/16,10:25:40,30.120000000,100
US2.CSCO,0,12/12/16,10:25:46,30.110000000,200
US2.CSCO,0,12/12/16,10:25:46,30.110000000,100
US2.CSCO,0,12/12/16,10:25:54,30.110000000,100
US2.CSCO,0,12/12/16,10:25:54,30.110000000,300
US2.CSCO,0,12/12/16,10:25:54,30.110000000,130
US2.CSCO,0,12/12/16,10:25:54,30.110000000,870
US2.CSCO,0,12/12/16,10:25:54,30.110000000,100
US2.CSCO,0,12/12/16,10:26:00,30.100000000,100
US2.CSCO,0,12/12/16,10:26:14,30.090000000,300
US2.CSCO,0,12/12/16,10:26:14,30.090000000,100
US2.CSCO,0,12/12/16,10:26:14,30.090000000,600
US2.CSCO,0,12/12/16,10:26:21,30.090000000,100
US2.CSCO,0,12/12/16,10:26:21,30.090000000,300
US2.CSCO,0,12/12/16,10:26:21,30.090000000,300
US2.CSCO,0,12/12/16,10:26:28,30.080000000,196
US2.CSCO,0,12/12/16,10:26:28,30.080000000,100
US2.CSCO,0,12/12/16,10:26:28,30.080000000,400
US2.CSCO,0,12/12/16,10:26:28,30.075000000,200
US2.CSCO,0,12/12/16,10:26:28,30.075000000,100
US2.CSCO,0,12/12/16,10:26:28,30.075000000,100
US2.CSCO,0,12/12/16,10:26:28,30.075000000,100
US2.CSCO,0,12/12/16,10:26:28,30.075000000,100
US2.CSCO,0,12/12/16,10:26:31,30.080000000,100
US2.CSCO,0,12/12/16,10:26:31,30.080000000,100
US2.CSCO,0,12/12/16,10:26:31,30.080000000,100
US2.CSCO,0,12/12/16,10:26:39,30.080000000,100
US2.CSCO,0,12/12/16,10:26:39,30.080000000,100
US2.CSCO,0,12/12/16,10:26:39,30.080000000,481
US2.CSCO,0,12/12/16,10:26:39,30.080000000,100
US2.CSCO,0,12/12/16,10:26:47,30.070000000,200
US2.CSCO,0,12/12/16,10:26:47,30.070000000,100
US2.CSCO,0,12/12/16,10:26:47,30.070000000,100
US2.CSCO,0,12/12/16,10:26:47,30.070000000,100
US2.CSCO,0,12/12/16,10:26:47,30.070000000,100
US2.CSCO,0,12/12/16,10:26:49,30.070000000,300
US2.CSCO,0,12/12/16,10:26:49,30.070000000,200
US2.CSCO,0,12/12/16,10:26:49,30.070000000,100
US2.CSCO,0,12/12/16,10:27:00,30.070000000,100
US2.CSCO,0,12/12/16,10:27:01,30.070000000,100
US2.CSCO,0,12/12/16,10:27:01,30.070000000,100
US2.CSCO,0,12/12/16,10:27:01,30.070000000,100
US2.CSCO,0,12/12/16,10:27:03,30.065000000,100
US2.CSCO,0,12/12/16,10:27:06,30.070000000,100
US2.CSCO,0,12/12/16,10:27:06,30.070000000,100
US2.CSCO,0,12/12/16,10:27:06,30.070000000,100
US2.CSCO,0,12/12/16,10:27:06,30.070000000,100
US2.CSCO,0,12/12/16,10:27:06,30.070000000,200
US2.CSCO,0,12/12/16,10:27:06,30.070000000,100
US2.CSCO,0,12/12/16,10:27:06,30.070000000,100
US2.CSCO,0,12/12/16,10:27:23,30.080000000,100
US2.CSCO,0,12/12/16,10:27:23,30.080000000,100
US2.CSCO,0,12/12/16,10:27:23,30.080000000,100
US2.CSCO,0,12/12/16,10:28:01,30.090000000,100
US2.CSCO,0,12/12/16,10:28:01,30.090000000,100
US2.CSCO,0,12/12/16,10:28:01,30.090000000,107
US2.CSCO,0,12/12/16,10:29:30,30.085000000,100
US2.CSCO,0,12/12/16,10:29:46,30.080000000,100
US2.CSCO,0,12/12/16,10:29:46,30.080000000,300
US2.CSCO,0,12/12/16,10:29:46,30.075000000,100
US2.CSCO,0,12/12/16,10:29:46,30.080000000,200
US2.CSCO,0,12/12/16,10:29:59,30.070000000,100
US2.CSCO,0,12/12/16,10:29:59,30.070000000,200
US2.CSCO,0,12/12/16,10:29:59,30.070000000,200
US2.CSCO,0,12/12/16,10:29:59,30.070000000,200
US2.CSCO,0,12/12/16,10:29:59,30.070000000,100
US2.CSCO,0,12/12/16,10:30:08,30.070000000,100
US2.CSCO,0,12/12/16,10:30:08,30.070000000,100
US2.CSCO,0,12/12/16,10:30:08,30.070000000,100
US2.CSCO,0,12/12/16,10:30:25,30.075000000,100
US2.CSCO,0,12/12/16,10:30:39,30.080000000,200
US2.CSCO,0,12/12/16,10:30:39,30.080000000,100
US2.CSCO,0,12/12/16,10:30:39,30.080000000,200
US2.CSCO,0,12/12/16,10:30:39,30.080000000,100
US2.CSCO,0,12/12/16,10:30:39,30.080000000,100
US2.CSCO,0,12/12/16,10:30:39,30.080000000,100
US2.CSCO,0,12/12/16,10:30:39,30.080000000,100
US2.CSCO,0,12/12/16,10:30:39,30.080000000,200
US2.CSCO,0,12/12/16,10:30:49,30.080000000,200
US2.CSCO,0,12/12/16,10:30:49,30.080000000,100
US2.CSCO,0,12/12/16,10:31:03,30.090000000,100
US2.CSCO,0,12/12/16,10:31:03,30.090000000,200
US2.CSCO,0,12/12/16,10:31:03,30.090000000,100
US2.CSCO,0,12/12/16,10:31:03,30.090000000,100
US2.CSCO,0,12/12/16,10:31:03,30.090000000,100
US2.CSCO,0,12/12/16,10:31:03,30.100000000,100
US2.CSCO,0,12/12/16,10:31:05,30.100000000,100
US2.CSCO,0,12/12/16,10:31:05,30.100000000,100
US2.CSCO,0,12/12/16,10:31:12,30.100000000,100
US2.CSCO,0,12/12/16,10:31:12,30.100000000,100
US2.CSCO,0,12/12/16,10:31:12,30.095000000,100
US2.CSCO,0,12/12/16,10:31:12,30.100000000,100
US2.CSCO,0,12/12/16,10:31:12,30.100000000,100
US2.CSCO,0,12/12/16,10:31:13,30.100000000,100
US2.CSCO,0,12/12/16,10:31:23,30.095000000,100
US2.CSCO,0,12/12/16,10:31:48,30.095000000,100
US2.CSCO,0,12/12/16,10:31:48,30.095000000,100
US2.CSCO,0,12/12/16,10:31:59,30.090000000,100
US2.CSCO,0,12/12/16,10:31:59,30.090000000,100
US2.CSCO,0,12/12/16,10:31:59,30.090000000,200
US2.CSCO,0,12/12/16,10:32:00,30.090000000,100
US2.CSCO,0,12/12/16,10:32:00,30.090000000,200
US2.CSCO,0,12/12/16,10:32:00,30.090000000,100
US2.CSCO,0,12/12/16,10:32:00,30.090000000,100
US2.CSCO,0,12/12/16,10:32:00,30.090000000,100
US2.CSCO,0,12/12/16,10:32:08,30.090000000,200
US2.CSCO,0,12/12/16,10:32:08,30.090000000,300
US2.CSCO,0,12/12/16,10:32:08,30.090000000,100
US2.CSCO,0,12/12/16,10:32:08,30.090000000,100
US2.CSCO,0,12/12/16,10:32:14,30.100000000,200
US2.CSCO,0,12/12/16,10:32:14,30.100000000,272
US2.CSCO,0,12/12/16,10:32:14,30.100000000,100
US2.CSCO,0,12/12/16,10:32:14,30.100000000,100
US2.CSCO,0,12/12/16,10:32:14,30.100000000,100
US2.CSCO,0,12/12/16,10:32:27,30.100000000,100
US2.CSCO,0,12/12/16,10:32:27,30.100000000,100
US2.CSCO,0,12/12/16,10:32:27,30.100000000,100
US2.CSCO,0,12/12/16,10:32:27,30.100000000,100
US2.CSCO,0,12/12/16,10:32:27,30.100000000,100
US2.CSCO,0,12/12/16,10:32:27,30.100000000,100
US2.CSCO,0,12/12/16,10:32:34,30.100000000,196
US2.CSCO,0,12/12/16,10:32:41,30.095000000,100
US2.CSCO,0,12/12/16,10:32:49,30.090000000,100
US2.CSCO,0,12/12/16,10:32:58,30.100000000,100
US2.CSCO,0,12/12/16,10:32:58,30.100000000,120
US2.CSCO,0,12/12/16,10:32:58,30.100000000,200
US2.CSCO,0,12/12/16,10:32:58,30.100000000,400
US2.CSCO,0,12/12/16,10:33:03,30.100000000,100
US2.CSCO,0,12/12/16,10:33:03,30.100000000,100
US2.CSCO,0,12/12/16,10:33:03,30.100000000,200
US2.CSCO,0,12/12/16,10:33:03,30.100000000,100
US2.CSCO,0,12/12/16,10:33:03,30.100000000,100
US2.CSCO,0,12/12/16,10:33:03,30.100000000,100
US2.CSCO,0,12/12/16,10:33:03,30.100000000,100
US2.CSCO,0,12/12/16,10:33:04,30.100000000,100
US2.CSCO,0,12/12/16,10:33:04,30.100000000,100
US2.CSCO,0,12/12/16,10:33:04,30.100000000,200
US2.CSCO,0,12/12/16,10:33:04,30.100000000,200
US2.CSCO,0,12/12/16,10:33:04,30.100000000,200
US2.CSCO,0,12/12/16,10:33:04,30.100000000,300
US2.CSCO,0,12/12/16,10:33:04,30.100000000,100
US2.CSCO,0,12/12/16,10:33:09,30.100000000,100
US2.CSCO,0,12/12/16,10:33:27,30.110000000,100
US2.CSCO,0,12/12/16,10:33:35,30.110000000,100
US2.CSCO,0,12/12/16,10:33:35,30.110000000,100
US2.CSCO,0,12/12/16,10:33:35,30.110000000,100
US2.CSCO,0,12/12/16,10:33:35,30.110000000,100
US2.CSCO,0,12/12/16,10:33:35,30.110000000,100
US2.CSCO,0,12/12/16,10:33:56,30.100000000,400
US2.CSCO,0,12/12/16,10:33:56,30.100000000,300
US2.CSCO,0,12/12/16,10:33:59,30.100000000,100
US2.CSCO,0,12/12/16,10:33:59,30.100000000,300
US2.CSCO,0,12/12/16,10:33:59,30.095000000,100
US2.CSCO,0,12/12/16,10:34:11,30.090000000,100
US2.CSCO,0,12/12/16,10:34:11,30.090000000,300
US2.CSCO,0,12/12/16,10:34:11,30.090000000,300
US2.CSCO,0,12/12/16,10:34:11,30.090000000,100
US2.CSCO,0,12/12/16,10:34:11,30.090000000,200
US2.CSCO,0,12/12/16,10:34:11,30.090000000,100
US2.CSCO,0,12/12/16,10:34:11,30.090000000,100
US2.CSCO,0,12/12/16,10:34:11,30.090000000,100
US2.CSCO,0,12/12/16,10:34:11,30.090000000,100
US2.CSCO,0,12/12/16,10:34:11,30.090000000,200
US2.CSCO,0,12/12/16,10:34:11,30.090000000,100
US2.CSCO,0,12/12/16,10:34:17,30.090000000,100
US2.CSCO,0,12/12/16,10:34:31,30.090000000,196
US2.CSCO,0,12/12/16,10:34:31,30.090000000,100
US2.CSCO,0,12/12/16,10:34:31,30.090000000,300
US2.CSCO,0,12/12/16,10:34:31,30.090000000,100
US2.CSCO,0,12/12/16,10:34:31,30.090000000,200
US2.CSCO,0,12/12/16,10:34:31,30.090000000,100
US2.CSCO,0,12/12/16,10:34:31,30.090000000,200
US2.CSCO,0,12/12/16,10:34:31,30.090000000,100
US2.CSCO,0,12/12/16,10:34:31,30.090000000,100
US2.CSCO,0,12/12/16,10:34:49,30.090000000,100
US2.CSCO,0,12/12/16,10:34:49,30.090000000,200
US2.CSCO,0,12/12/16,10:34:49,30.090000000,100
US2.CSCO,0,12/12/16,10:34:49,30.090000000,200
US2.CSCO,0,12/12/16,10:34:49,30.090000000,300
US2.CSCO,0,12/12/16,10:34:49,30.090000000,215
US2.CSCO,0,12/12/16,10:35:01,30.100000000,116
US2.CSCO,0,12/12/16,10:35:01,30.100000000,134
US2.CSCO,0,12/12/16,10:35:01,30.100000000,200
US2.CSCO,0,12/12/16,10:35:01,30.100000000,150
US2.CSCO,0,12/12/16,10:35:01,30.100000000,100
US2.CSCO,0,12/12/16,10:35:01,30.100000000,164
US2.CSCO,0,12/12/16,10:35:05,30.105000000,100
US2.CSCO,0,12/12/16,10:35:06,30.110000000,100
US2.CSCO,0,12/12/16,10:35:07,30.110000000,100
US2.CSCO,0,12/12/16,10:35:07,30.110000000,164
US2.CSCO,0,12/12/16,10:35:07,30.110000000,100
US2.CSCO,0,12/12/16,10:35:07,30.110000000,200
US2.CSCO,0,12/12/16,10:35:12,30.110000000,100
US2.CSCO,0,12/12/16,10:35:52,30.100000000,100
US2.CSCO,0,12/12/16,10:35:52,30.100000000,300
US2.CSCO,0,12/12/16,10:35:52,30.100000000,100
US2.CSCO,0,12/12/16,10:35:52,30.100000000,100
US2.CSCO,0,12/12/16,10:36:32,30.090000000,100
US2.CSCO,0,12/12/16,10:36:32,30.090000000,200
US2.CSCO,0,12/12/16,10:36:51,30.085000000,100
US2.CSCO,0,12/12/16,10:37:12,30.080000000,100
US2.CSCO,0,12/12/16,10:37:12,30.080000000,200
US2.CSCO,0,12/12/16,10:37:12,30.080000000,300
US2.CSCO,0,12/12/16,10:37:12,30.080000000,367
US2.CSCO,0,12/12/16,10:37:12,30.080000000,100
US2.CSCO,0,12/12/16,10:37:12,30.080000000,800
US2.CSCO,0,12/12/16,10:37:12,30.080000000,300
US2.CSCO,0,12/12/16,10:37:12,30.080000000,100
US2.CSCO,0,12/12/16,10:37:21,30.080000000,200
US2.CSCO,0,12/12/16,10:37:21,30.080000000,200
US2.CSCO,0,12/12/16,10:37:21,30.080000000,200
US2.CSCO,0,12/12/16,10:37:21,30.080000000,100
US2.CSCO,0,12/12/16,10:37:21,30.080000000,100
US2.CSCO,0,12/12/16,10:37:21,30.080000000,100
US2.CSCO,0,12/12/16,10:37:21,30.080000000,255
US2.CSCO,0,12/12/16,10:37:21,30.080000000,300
US2.CSCO,0,12/12/16,10:37:21,30.080000000,100
US2.CSCO,0,12/12/16,10:37:39,30.085000000,200
US2.CSCO,0,12/12/16,10:37:44,30.085000000,100
US2.CSCO,0,12/12/16,10:37:58,30.085000000,100
US2.CSCO,0,12/12/16,10:37:58,30.085000000,100
US2.CSCO,0,12/12/16,10:38:40,30.080000000,300
US2.CSCO,0,12/12/16,10:38:40,30.080000000,200
US2.CSCO,0,12/12/16,10:38:40,30.080000000,100
US2.CSCO,0,12/12/16,10:38:40,30.080000000,200
US2.CSCO,0,12/12/16,10:38:40,30.080000000,100
US2.CSCO,0,12/12/16,10:38:49,30.080000000,100
US2.CSCO,0,12/12/16,10:38:49,30.080000000,100
US2.CSCO,0,12/12/16,10:38:49,30.080000000,200
US2.CSCO,0,12/12/16,10:38:49,30.080000000,200
US2.CSCO,0,12/12/16,10:38:49,30.080000000,300
US2.CSCO,0,12/12/16,10:38:49,30.080000000,100
US2.CSCO,0,12/12/16,10:38:49,30.080000000,200
US2.CSCO,0,12/12/16,10:38:49,30.080000000,100
US2.CSCO,0,12/12/16,10:38:49,30.080000000,100
US2.CSCO,0,12/12/16,10:38:49,30.080000000,100
US2.CSCO,0,12/12/16,10:38:49,30.080000000,100
US2.CSCO,0,12/12/16,10:39:31,30.080000000,100
US2.CSCO,0,12/12/16,10:39:41,30.080000000,100
US2.CSCO,0,12/12/16,10:39:48,30.070000000,100
US2.CSCO,0,12/12/16,10:40:10,30.070000000,100
US2.CSCO,0,12/12/16,10:40:10,30.070000000,100
US2.CSCO,0,12/12/16,10:40:27,30.070000000,100
US2.CSCO,0,12/12/16,10:40:27,30.070000000,100
US2.CSCO,0,12/12/16,10:40:27,30.070000000,100
US2.CSCO,0,12/12/16,10:40:27,30.070000000,100
US2.CSCO,0,12/12/16,10:40:27,30.070000000,200
US2.CSCO,0,12/12/16,10:40:27,30.070000000,100
US2.CSCO,0,12/12/16,10:40:58,30.060000000,100
US2.CSCO,0,12/12/16,10:40:58,30.060000000,300
US2.CSCO,0,12/12/16,10:41:10,30.060000000,100
US2.CSCO,0,12/12/16,10:41:11,30.060000000,100
US2.CSCO,0,12/12/16,10:41:18,30.060000000,100
US2.CSCO,0,12/12/16,10:41:18,30.060000000,105
US2.CSCO,0,12/12/16,10:41:18,30.060000000,100
US2.CSCO,0,12/12/16,10:41:18,30.060000000,200
US2.CSCO,0,12/12/16,10:41:18,30.060000000,600
US2.CSCO,0,12/12/16,10:41:18,30.060000000,100
US2.CSCO,0,12/12/16,10:41:18,30.070000000,100
US2.CSCO,0,12/12/16,10:41:19,30.070000000,100
US2.CSCO,0,12/12/16,10:41:19,30.070000000,200
US2.CSCO,0,12/12/16,10:41:19,30.070000000,100
US2.CSCO,0,12/12/16,10:41:19,30.070000000,300
US2.CSCO,0,12/12/16,10:41:19,30.070000000,100
US2.CSCO,0,12/12/16,10:41:19,30.070000000,100
US2.CSCO,0,12/12/16,10:41:29,30.075000000,100
US2.CSCO,0,12/12/16,10:41:49,30.075000000,100
US2.CSCO,0,12/12/16,10:41:58,30.075000000,100
US2.CSCO,0,12/12/16,10:41:58,30.075000000,100
US2.CSCO,0,12/12/16,10:42:20,30.075000000,100
US2.CSCO,0,12/12/16,10:42:50,30.070000000,100
US2.CSCO,0,12/12/16,10:43:15,30.080000000,144
US2.CSCO,0,12/12/16,10:43:15,30.080000000,100
US2.CSCO,0,12/12/16,10:43:15,30.080000000,100
US2.CSCO,0,12/12/16,10:43:15,30.080000000,100
US2.CSCO,0,12/12/16,10:43:15,30.080000000,100
US2.CSCO,0,12/12/16,10:43:15,30.080000000,100
US2.CSCO,0,12/12/16,10:43:15,30.080000000,300
US2.CSCO,0,12/12/16,10:43:15,30.080000000,400
US2.CSCO,0,12/12/16,10:43:15,30.080000000,600
US2.CSCO,0,12/12/16,10:43:15,30.080000000,100
US2.CSCO,0,12/12/16,10:43:20,30.080000000,100
US2.CSCO,0,12/12/16,10:43:29,30.080000000,100
US2.CSCO,0,12/12/16,10:43:29,30.080000000,200
US2.CSCO,0,12/12/16,10:43:29,30.080000000,200
US2.CSCO,0,12/12/16,10:43:29,30.080000000,200
US2.CSCO,0,12/12/16,10:43:45,30.085000000,100
US2.CSCO,0,12/12/16,10:43:45,30.085000000,100
US2.CSCO,0,12/12/16,10:43:45,30.085000000,100
US2.CSCO,0,12/12/16,10:43:45,30.085000000,100
US2.CSCO,0,12/12/16,10:43:49,30.090000000,400
US2.CSCO,0,12/12/16,10:44:05,30.085000000,100
US2.CSCO,0,12/12/16,10:44:05,30.090000000,100
US2.CSCO,0,12/12/16,10:44:06,30.085000000,141
US2.CSCO,0,12/12/16,10:44:25,30.085000000,100
US2.CSCO,0,12/12/16,10:44:32,30.090000000,100
US2.CSCO,0,12/12/16,10:44:35,30.090000000,100
US2.CSCO,0,12/12/16,10:44:35,30.090000000,100
US2.CSCO,0,12/12/16,10:44:35,30.090000000,100
US2.CSCO,0,12/12/16,10:44:35,30.090000000,100
US2.CSCO,0,12/12/16,10:44:35,30.090000000,100
US2.CSCO,0,12/12/16,10:44:35,30.090000000,300
US2.CSCO,0,12/12/16,10:44:39,30.090000000,100
US2.CSCO,0,12/12/16,10:44:39,30.090000000,100
US2.CSCO,0,12/12/16,10:44:39,30.090000000,100
US2.CSCO,0,12/12/16,10:44:39,30.090000000,200
US2.CSCO,0,12/12/16,10:44:39,30.090000000,400
US2.CSCO,0,12/12/16,10:44:39,30.090000000,100
US2.CSCO,0,12/12/16,10:44:39,30.090000000,100
US2.CSCO,0,12/12/16,10:44:39,30.090000000,100
US2.CSCO,0,12/12/16,10:44:39,30.090000000,100
US2.CSCO,0,12/12/16,10:44:39,30.090000000,100
US2.CSCO,0,12/12/16,10:44:39,30.090000000,100
US2.CSCO,0,12/12/16,10:44:39,30.090000000,100
US2.CSCO,0,12/12/16,10:44:39,30.090000000,100
US2.CSCO,0,12/12/16,10:44:39,30.095000000,100
US2.CSCO,0,12/12/16,10:44:40,30.090000000,300
US2.CSCO,0,12/12/16,10:44:40,30.090000000,100
US2.CSCO,0,12/12/16,10:44:40,30.090000000,200
US2.CSCO,0,12/12/16,10:44:40,30.090000000,100
US2.CSCO,0,12/12/16,10:44:42,30.090000000,200
US2.CSCO,0,12/12/16,10:44:42,30.090000000,100
US2.CSCO,0,12/12/16,10:44:42,30.090000000,100
US2.CSCO,0,12/12/16,10:44:42,30.090000000,400
US2.CSCO,0,12/12/16,10:44:42,30.090000000,100
US2.CSCO,0,12/12/16,10:44:42,30.090000000,100
US2.CSCO,0,12/12/16,10:44:42,30.090000000,100
US2.CSCO,0,12/12/16,10:44:42,30.090000000,200
US2.CSCO,0,12/12/16,10:44:43,30.090000000,500
US2.CSCO,0,12/12/16,10:44:43,30.090000000,100
US2.CSCO,0,12/12/16,10:44:43,30.090000000,100
US2.CSCO,0,12/12/16,10:44:43,30.090000000,200
US2.CSCO,0,12/12/16,10:44:43,30.090000000,200
US2.CSCO,0,12/12/16,10:44:43,30.090000000,200
US2.CSCO,0,12/12/16,10:44:43,30.090000000,400
US2.CSCO,0,12/12/16,10:44:43,30.090000000,289
US2.CSCO,0,12/12/16,10:44:43,30.090000000,289
US2.CSCO,0,12/12/16,10:45:51,30.090000000,159
US2.CSCO,0,12/12/16,10:45:51,30.090000000,100
US2.CSCO,0,12/12/16,10:45:51,30.090000000,600
US2.CSCO,0,12/12/16,10:45:57,30.090000000,300
US2.CSCO,0,12/12/16,10:45:57,30.090000000,100
US2.CSCO,0,12/12/16,10:46:15,30.080000000,100
US2.CSCO,0,12/12/16,10:46:15,30.080000000,100
US2.CSCO,0,12/12/16,10:46:19,30.085000000,100
US2.CSCO,0,12/12/16,10:46:40,30.085000000,100
US2.CSCO,0,12/12/16,10:46:40,30.085000000,100
US2.CSCO,0,12/12/16,10:46:40,30.085000000,100
US2.CSCO,0,12/12/16,10:46:40,30.085000000,100
US2.CSCO,0,12/12/16,10:47:16,30.080000000,100
US2.CSCO,0,12/12/16,10:47:49,30.085000000,100
US2.CSCO,0,12/12/16,10:47:49,30.085000000,100
US2.CSCO,0,12/12/16,10:47:51,30.080000000,100
US2.CSCO,0,12/12/16,10:48:33,30.080000000,100
US2.CSCO,0,12/12/16,10:48:43,30.080000000,100
US2.CSCO,0,12/12/16,10:48:48,30.080000000,100
US2.CSCO,0,12/12/16,10:48:48,30.080000000,400
US2.CSCO,0,12/12/16,10:48:48,30.080000000,100
US2.CSCO,0,12/12/16,10:48:48,30.080000000,100
US2.CSCO,0,12/12/16,10:48:48,30.080000000,100
US2.CSCO,0,12/12/16,10:48:48,30.080000000,300
US2.CSCO,0,12/12/16,10:48:48,30.080000000,400
US2.CSCO,0,12/12/16,10:48:49,30.075000000,100
US2.CSCO,0,12/12/16,10:48:50,30.075000000,100
US2.CSCO,0,12/12/16,10:48:58,30.080000000,200
US2.CSCO,0,12/12/16,10:48:58,30.080000000,200
US2.CSCO,0,12/12/16,10:48:58,30.080000000,200
US2.CSCO,0,12/12/16,10:48:58,30.080000000,100
US2.CSCO,0,12/12/16,10:48:58,30.080000000,100
US2.CSCO,0,12/12/16,10:48:58,30.080000000,100
US2.CSCO,0,12/12/16,10:48:58,30.085000000,100
US2.CSCO,0,12/12/16,10:49:09,30.085000000,100
US2.CSCO,0,12/12/16,10:49:09,30.085000000,100
US2.CSCO,0,12/12/16,10:49:35,30.080000000,100
US2.CSCO,0,12/12/16,10:49:50,30.080000000,100
US2.CSCO,0,12/12/16,10:50:32,30.080000000,100
US2.CSCO,0,12/12/16,10:50:32,30.080000000,100
US2.CSCO,0,12/12/16,10:50:32,30.080000000,100
US2.CSCO,0,12/12/16,10:50:32,30.080000000,100
US2.CSCO,0,12/12/16,10:50:32,30.080000000,100
US2.CSCO,0,12/12/16,10:50:32,30.080000000,400
US2.CSCO,0,12/12/16,10:50:32,30.080000000,100
US2.CSCO,0,12/12/16,10:50:32,30.080000000,100
US2.CSCO,0,12/12/16,10:50:36,30.080000000,100
US2.CSCO,0,12/12/16,10:50:36,30.080000000,200
US2.CSCO,0,12/12/16,10:50:36,30.080000000,100
US2.CSCO,0,12/12/16,10:50:36,30.080000000,200
US2.CSCO,0,12/12/16,10:50:36,30.080000000,200
US2.CSCO,0,12/12/16,10:50:36,30.080000000,225
US2.CSCO,0,12/12/16,10:50:36,30.080000000,100
US2.CSCO,0,12/12/16,10:50:42,30.075000000,200
US2.CSCO,0,12/12/16,10:50:42,30.075000000,400
US2.CSCO,0,12/12/16,10:50:42,30.075000000,100
US2.CSCO,0,12/12/16,10:51:18,30.080000000,100
US2.CSCO,0,12/12/16,10:51:18,30.080000000,100
US2.CSCO,0,12/12/16,10:51:18,30.080000000,100
US2.CSCO,0,12/12/16,10:51:18,30.080000000,100
US2.CSCO,0,12/12/16,10:51:18,30.090000000,100
US2.CSCO,0,12/12/16,10:51:18,30.090000000,200
US2.CSCO,0,12/12/16,10:51:18,30.090000000,200
US2.CSCO,0,12/12/16,10:51:18,30.090000000,300
US2.CSCO,0,12/12/16,10:51:18,30.090000000,300
US2.CSCO,0,12/12/16,10:51:18,30.090000000,100
US2.CSCO,0,12/12/16,10:51:42,30.095000000,100
US2.CSCO,0,12/12/16,10:51:51,30.100000000,100
US2.CSCO,0,12/12/16,10:51:51,30.100000000,100
US2.CSCO,0,12/12/16,10:51:51,30.100000000,100
US2.CSCO,0,12/12/16,10:51:51,30.100000000,100
US2.CSCO,0,12/12/16,10:51:51,30.100000000,100
US2.CSCO,0,12/12/16,10:51:51,30.110000000,200
US2.CSCO,0,12/12/16,10:51:51,30.110000000,300
US2.CSCO,0,12/12/16,10:51:51,30.110000000,100
US2.CSCO,0,12/12/16,10:51:51,30.110000000,100
US2.CSCO,0,12/12/16,10:51:51,30.110000000,200
US2.CSCO,0,12/12/16,10:51:51,30.110000000,100
US2.CSCO,0,12/12/16,10:51:51,30.110000000,200
US2.CSCO,0,12/12/16,10:51:51,30.110000000,100
US2.CSCO,0,12/12/16,10:51:56,30.110000000,100
US2.CSCO,0,12/12/16,10:51:56,30.110000000,100
US2.CSCO,0,12/12/16,10:52:07,30.110000000,100
US2.CSCO,0,12/12/16,10:52:07,30.110000000,100
US2.CSCO,0,12/12/16,10:52:07,30.110000000,100
US2.CSCO,0,12/12/16,10:52:07,30.110000000,100
US2.CSCO,0,12/12/16,10:52:07,30.105000000,100
US2.CSCO,0,12/12/16,10:52:07,30.110000000,100
US2.CSCO,0,12/12/16,10:52:11,30.105000000,100
US2.CSCO,0,12/12/16,10:52:12,30.105000000,100
US2.CSCO,0,12/12/16,10:52:12,30.105000000,100
US2.CSCO,0,12/12/16,10:52:12,30.105000000,100
US2.CSCO,0,12/12/16,10:52:12,30.105000000,100
US2.CSCO,0,12/12/16,10:53:26,30.100000000,100
US2.CSCO,0,12/12/16,10:54:02,30.100000000,200
US2.CSCO,0,12/12/16,10:54:02,30.100000000,100
US2.CSCO,0,12/12/16,10:54:02,30.100000000,200
US2.CSCO,0,12/12/16,10:54:02,30.100000000,100
US2.CSCO,0,12/12/16,10:54:02,30.100000000,100
US2.CSCO,0,12/12/16,10:54:02,30.100000000,200
US2.CSCO,0,12/12/16,10:54:02,30.100000000,100
US2.CSCO,0,12/12/16,10:54:02,30.100000000,100
US2.CSCO,0,12/12/16,10:54:02,30.100000000,100
US2.CSCO,0,12/12/16,10:54:31,30.100000000,700
US2.CSCO,0,12/12/16,10:54:31,30.100000000,300
US2.CSCO,0,12/12/16,10:54:31,30.100000000,100
US2.CSCO,0,12/12/16,10:54:31,30.100000000,700
US2.CSCO,0,12/12/16,10:54:31,30.100000000,200
US2.CSCO,0,12/12/16,10:54:31,30.100000000,200
US2.CSCO,0,12/12/16,10:54:31,30.100000000,200
US2.CSCO,0,12/12/16,10:54:45,30.100000000,100
US2.CSCO,0,12/12/16,10:54:46,30.100000000,100
US2.CSCO,0,12/12/16,10:54:46,30.100000000,100
US2.CSCO,0,12/12/16,10:54:46,30.100000000,100
US2.CSCO,0,12/12/16,10:54:46,30.100000000,100
US2.CSCO,0,12/12/16,10:54:57,30.100000000,100
US2.CSCO,0,12/12/16,10:54:57,30.100000000,100
US2.CSCO,0,12/12/16,10:54:57,30.100000000,300
US2.CSCO,0,12/12/16,10:54:57,30.100000000,200
US2.CSCO,0,12/12/16,10:55:24,30.100000000,100
US2.CSCO,0,12/12/16,10:55:32,30.100000000,100
US2.CSCO,0,12/12/16,10:55:32,30.100000000,100
US2.CSCO,0,12/12/16,10:55:32,30.100000000,100
US2.CSCO,0,12/12/16,10:55:32,30.100000000,200
US2.CSCO,0,12/12/16,10:55:32,30.100000000,100
US2.CSCO,0,12/12/16,10:55:32,30.100000000,100
US2.CSCO,0,12/12/16,10:55:32,30.100000000,100
US2.CSCO,0,12/12/16,10:55:32,30.100000000,200
US2.CSCO,0,12/12/16,10:55:32,30.100000000,100
US2.CSCO,0,12/12/16,10:55:32,30.100000000,100
US2.CSCO,0,12/12/16,10:55:32,30.100000000,300
US2.CSCO,0,12/12/16,10:56:17,30.105000000,100
US2.CSCO,0,12/12/16,10:56:39,30.100000000,100
US2.CSCO,0,12/12/16,10:56:39,30.100000000,100
US2.CSCO,0,12/12/16,10:56:39,30.100000000,100
US2.CSCO,0,12/12/16,10:56:39,30.100000000,389
US2.CSCO,0,12/12/16,10:56:56,30.090000000,100
US2.CSCO,0,12/12/16,10:57:09,30.085000000,100
US2.CSCO,0,12/12/16,10:57:09,30.085000000,113
US2.CSCO,0,12/12/16,10:57:12,30.085000000,100
US2.CSCO,0,12/12/16,10:57:12,30.085000000,100
US2.CSCO,0,12/12/16,10:57:19,30.090000000,116
US2.CSCO,0,12/12/16,10:57:26,30.085000000,100
US2.CSCO,0,12/12/16,10:57:30,30.085000000,100
US2.CSCO,0,12/12/16,10:57:30,30.085000000,100
US2.CSCO,0,12/12/16,10:57:30,30.085000000,100
US2.CSCO,0,12/12/16,10:57:30,30.085000000,100
US2.CSCO,0,12/12/16,10:57:30,30.085000000,100
US2.CSCO,0,12/12/16,10:57:30,30.085000000,100
US2.CSCO,0,12/12/16,10:57:33,30.090000000,100
US2.CSCO,0,12/12/16,10:57:33,30.090000000,500
US2.CSCO,0,12/12/16,10:57:33,30.090000000,100
US2.CSCO,0,12/12/16,10:57:33,30.090000000,100
US2.CSCO,0,12/12/16,10:57:52,30.095000000,100
US2.CSCO,0,12/12/16,10:58:07,30.100000000,300
US2.CSCO,0,12/12/16,10:58:07,30.100000000,200
US2.CSCO,0,12/12/16,10:58:07,30.100000000,100
US2.CSCO,0,12/12/16,10:58:07,30.100000000,100
US2.CSCO,0,12/12/16,10:58:07,30.100000000,700
US2.CSCO,0,12/12/16,10:58:11,30.105000000,100
US2.CSCO,0,12/12/16,10:58:20,30.110000000,100
US2.CSCO,0,12/12/16,10:58:20,30.110000000,100
US2.CSCO,0,12/12/16,10:58:27,30.105000000,100
US2.CSCO,0,12/12/16,10:58:41,30.105000000,100
US2.CSCO,0,12/12/16,10:58:43,30.105000000,100
US2.CSCO,0,12/12/16,10:58:46,30.105000000,100
US2.CSCO,0,12/12/16,10:58:46,30.105000000,100
US2.CSCO,0,12/12/16,10:58:46,30.105000000,100
US2.CSCO,0,12/12/16,10:58:46,30.105000000,100
US2.CSCO,0,12/12/16,10:58:47,30.110000000,200
US2.CSCO,0,12/12/16,10:58:53,30.110000000,100
US2.CSCO,0,12/12/16,10:59:01,30.120000000,100
US2.CSCO,0,12/12/16,10:59:01,30.120000000,100
US2.CSCO,0,12/12/16,10:59:01,30.120000000,283
US2.CSCO,0,12/12/16,10:59:01,30.120000000,100
US2.CSCO,0,12/12/16,10:59:01,30.120000000,100
US2.CSCO,0,12/12/16,10:59:01,30.120000000,100
US2.CSCO,0,12/12/16,10:59:03,30.125000000,100
US2.CSCO,0,12/12/16,10:59:08,30.130000000,100
US2.CSCO,0,12/12/16,11:00:01,30.130000000,100
US2.CSCO,0,12/12/16,11:00:01,30.130000000,100
US2.CSCO,0,12/12/16,11:00:01,30.130000000,100
US2.CSCO,0,12/12/16,11:00:01,30.130000000,100
US2.CSCO,0,12/12/16,11:00:01,30.130000000,100
US2.CSCO,0,12/12/16,11:00:01,30.130000000,100
US2.CSCO,0,12/12/16,11:00:04,30.130000000,100
US2.CSCO,0,12/12/16,11:00:08,30.130000000,100
US2.CSCO,0,12/12/16,11:00:08,30.130000000,100
US2.CSCO,0,12/12/16,11:00:40,30.130000000,100
US2.CSCO,0,12/12/16,11:00:40,30.130000000,100
US2.CSCO,0,12/12/16,11:00:40,30.130000000,200
US2.CSCO,0,12/12/16,11:00:41,30.125000000,100
US2.CSCO,0,12/12/16,11:00:42,30.125000000,100
US2.CSCO,0,12/12/16,11:00:43,30.125000000,100
US2.CSCO,0,12/12/16,11:00:52,30.130000000,200
US2.CSCO,0,12/12/16,11:00:52,30.130000000,100
US2.CSCO,0,12/12/16,11:00:52,30.130000000,294
US2.CSCO,0,12/12/16,11:01:29,30.135000000,100
US2.CSCO,0,12/12/16,11:01:29,30.130000000,100
US2.CSCO,0,12/12/16,11:01:36,30.135000000,100
US2.CSCO,0,12/12/16,11:01:49,30.135000000,100
US2.CSCO,0,12/12/16,11:01:53,30.135000000,100
US2.CSCO,0,12/12/16,11:01:53,30.135000000,100
US2.CSCO,0,12/12/16,11:02:41,30.130000000,100
US2.CSCO,0,12/12/16,11:02:54,30.130000000,100
US2.CSCO,0,12/12/16,11:04:25,30.135000000,100
US2.CSCO,0,12/12/16,11:04:35,30.130000000,100
US2.CSCO,0,12/12/16,11:04:35,30.130000000,100
US2.CSCO,0,12/12/16,11:04:35,30.130000000,100
US2.CSCO,0,12/12/16,11:04:35,30.130000000,115
US2.CSCO,0,12/12/16,11:04:35,30.130000000,1085
US2.CSCO,0,12/12/16,11:04:35,30.130000000,100
US2.CSCO,0,12/12/16,11:04:35,30.130000000,100
US2.CSCO,0,12/12/16,11:05:51,30.120000000,100
US2.CSCO,0,12/12/16,11:06:06,30.125000000,100
US2.CSCO,0,12/12/16,11:06:25,30.130000000,100
US2.CSCO,0,12/12/16,11:06:35,30.130000000,100
US2.CSCO,0,12/12/16,11:06:35,30.130000000,200
US2.CSCO,0,12/12/16,11:06:35,30.130000000,100
US2.CSCO,0,12/12/16,11:06:35,30.130000000,200
US2.CSCO,0,12/12/16,11:06:35,30.130000000,100
US2.CSCO,0,12/12/16,11:06:35,30.130000000,100
US2.CSCO,0,12/12/16,11:06:35,30.130000000,100
US2.CSCO,0,12/12/16,11:06:45,30.130000000,100
US2.CSCO,0,12/12/16,11:07:08,30.140000000,100
US2.CSCO,0,12/12/16,11:07:08,30.140000000,100
US2.CSCO,0,12/12/16,11:07:08,30.140000000,100
US2.CSCO,0,12/12/16,11:07:08,30.140000000,100
US2.CSCO,0,12/12/16,11:07:08,30.140000000,301
US2.CSCO,0,12/12/16,11:07:08,30.140000000,100
US2.CSCO,0,12/12/16,11:07:08,30.140000000,200
US2.CSCO,0,12/12/16,11:07:08,30.140000000,100
US2.CSCO,0,12/12/16,11:07:08,30.140000000,300
US2.CSCO,0,12/12/16,11:07:08,30.140000000,100
US2.CSCO,0,12/12/16,11:07:08,30.140000000,100
US2.CSCO,0,12/12/16,11:07:08,30.140000000,100
US2.CSCO,0,12/12/16,11:07:14,30.140000000,100
US2.CSCO,0,12/12/16,11:07:14,30.140000000,200
US2.CSCO,0,12/12/16,11:07:14,30.140000000,300
US2.CSCO,0,12/12/16,11:07:14,30.140000000,100
US2.CSCO,0,12/12/16,11:07:16,30.145000000,100
US2.CSCO,0,12/12/16,11:07:23,30.145000000,100
US2.CSCO,0,12/12/16,11:07:27,30.150000000,100
US2.CSCO,0,12/12/16,11:07:29,30.150000000,100
US2.CSCO,0,12/12/16,11:07:33,30.150000000,100
US2.CSCO,0,12/12/16,11:07:34,30.150000000,100
US2.CSCO,0,12/12/16,11:07:56,30.145000000,100
US2.CSCO,0,12/12/16,11:08:20,30.140000000,300
US2.CSCO,0,12/12/16,11:08:20,30.140000000,200
US2.CSCO,0,12/12/16,11:08:20,30.140000000,100
US2.CSCO,0,12/12/16,11:08:20,30.140000000,100
US2.CSCO,0,12/12/16,11:08:20,30.140000000,100
US2.CSCO,0,12/12/16,11:08:20,30.140000000,100
US2.CSCO,0,12/12/16,11:08:20,30.140000000,100
US2.CSCO,0,12/12/16,11:08:20,30.140000000,200
US2.CSCO,0,12/12/16,11:08:20,30.135000000,100
US2.CSCO,0,12/12/16,11:08:33,30.130000000,100
US2.CSCO,0,12/12/16,11:08:34,30.130000000,100
US2.CSCO,0,12/12/16,11:09:58,30.125000000,100
US2.CSCO,0,12/12/16,11:11:12,30.125000000,100
US2.CSCO,0,12/12/16,11:11:48,30.125000000,100
US2.CSCO,0,12/12/16,11:12:02,30.125000000,100
US2.CSCO,0,12/12/16,11:12:02,30.125000000,100
US2.CSCO,0,12/12/16,11:12:18,30.125000000,200
US2.CSCO,0,12/12/16,11:12:18,30.125000000,100
US2.CSCO,0,12/12/16,11:12:18,30.130000000,100
US2.CSCO,0,12/12/16,11:12:24,30.130000000,300
US2.CSCO,0,12/12/16,11:12:24,30.130000000,100
US2.CSCO,0,12/12/16,11:12:24,30.130000000,100
US2.CSCO,0,12/12/16,11:12:24,30.130000000,100
US2.CSCO,0,12/12/16,11:12:24,30.130000000,100
US2.CSCO,0,12/12/16,11:12:24,30.130000000,100
US2.CSCO,0,12/12/16,11:12:24,30.130000000,100
US2.CSCO,0,12/12/16,11:12:24,30.130000000,200
US2.CSCO,0,12/12/16,11:12:24,30.130000000,100
US2.CSCO,0,12/12/16,11:12:27,30.135000000,100
US2.CSCO,0,12/12/16,11:12:41,30.135000000,100
US2.CSCO,0,12/12/16,11:12:41,30.135000000,100
US2.CSCO,0,12/12/16,11:12:42,30.135000000,100
US2.CSCO,0,12/12/16,11:12:42,30.135000000,200
US2.CSCO,0,12/12/16,11:12:56,30.135000000,100
US2.CSCO,0,12/12/16,11:13:17,30.135000000,100
US2.CSCO,0,12/12/16,11:13:29,30.135000000,100
US2.CSCO,0,12/12/16,11:13:38,30.135000000,100
US2.CSCO,0,12/12/16,11:14:16,30.135000000,100
US2.CSCO,0,12/12/16,11:14:18,30.135000000,100
US2.CSCO,0,12/12/16,11:14:26,30.135000000,100
US2.CSCO,0,12/12/16,11:14:26,30.135000000,100
US2.CSCO,0,12/12/16,11:14:26,30.135000000,100
US2.CSCO,0,12/12/16,11:14:26,30.135000000,100
US2.CSCO,0,12/12/16,11:14:26,30.135000000,100
US2.CSCO,0,12/12/16,11:14:29,30.135000000,100
US2.CSCO,0,12/12/16,11:14:29,30.135000000,100
US2.CSCO,0,12/12/16,11:14:29,30.135000000,100
US2.CSCO,0,12/12/16,11:14:29,30.135000000,100
US2.CSCO,0,12/12/16,11:14:29,30.135000000,100
US2.CSCO,0,12/12/16,11:14:29,30.135000000,100
US2.CSCO,0,12/12/16,11:15:33,30.140000000,272
US2.CSCO,0,12/12/16,11:15:33,30.140000000,100
US2.CSCO,0,12/12/16,11:15:33,30.140000000,100
US2.CSCO,0,12/12/16,11:15:33,30.140000000,100
US2.CSCO,0,12/12/16,11:15:33,30.140000000,347
US2.CSCO,0,12/12/16,11:15:33,30.140000000,653
US2.CSCO,0,12/12/16,11:15:33,30.140000000,332
US2.CSCO,0,12/12/16,11:15:33,30.150000000,100
US2.CSCO,0,12/12/16,11:15:33,30.150000000,310
US2.CSCO,0,12/12/16,11:15:33,30.150000000,100
US2.CSCO,0,12/12/16,11:15:33,30.150000000,200
US2.CSCO,0,12/12/16,11:15:33,30.150000000,300
US2.CSCO,0,12/12/16,11:15:33,30.150000000,1000
US2.CSCO,0,12/12/16,11:15:33,30.150000000,100
US2.CSCO,0,12/12/16,11:15:34,30.150000000,200
US2.CSCO,0,12/12/16,11:15:34,30.160000000,100
US2.CSCO,0,12/12/16,11:15:34,30.160000000,297
US2.CSCO,0,12/12/16,11:15:34,30.160000000,100
US2.CSCO,0,12/12/16,11:15:34,30.160000000,311
US2.CSCO,0,12/12/16,11:15:34,30.160000000,142
US2.CSCO,0,12/12/16,11:15:37,30.160000000,658
US2.CSCO,0,12/12/16,11:15:38,30.155000000,100
US2.CSCO,0,12/12/16,11:15:43,30.155000000,100
US2.CSCO,0,12/12/16,11:15:46,30.160000000,100
US2.CSCO,0,12/12/16,11:15:46,30.160000000,200
US2.CSCO,0,12/12/16,11:15:46,30.160000000,200
US2.CSCO,0,12/12/16,11:15:46,30.160000000,200
US2.CSCO,0,12/12/16,11:15:46,30.160000000,200
US2.CSCO,0,12/12/16,11:15:46,30.160000000,200
US2.CSCO,0,12/12/16,11:15:46,30.160000000,100
US2.CSCO,0,12/12/16,11:16:08,30.160000000,100
US2.CSCO,0,12/12/16,11:16:08,30.160000000,100
US2.CSCO,0,12/12/16,11:16:08,30.160000000,200
US2.CSCO,0,12/12/16,11:16:08,30.160000000,100
US2.CSCO,0,12/12/16,11:16:08,30.160000000,100
US2.CSCO,0,12/12/16,11:16:16,30.160000000,100
US2.CSCO,0,12/12/16,11:16:19,30.160000000,100
US2.CSCO,0,12/12/16,11:16:20,30.160000000,100
US2.CSCO,0,12/12/16,11:16:20,30.160000000,100
US2.CSCO,0,12/12/16,11:16:31,30.165000000,100
US2.CSCO,0,12/12/16,11:16:55,30.165000000,100
US2.CSCO,0,12/12/16,11:17:30,30.170000000,100
US2.CSCO,0,12/12/16,11:17:30,30.180000000,100
US2.CSCO,0,12/12/16,11:17:30,30.180000000,200
US2.CSCO,0,12/12/16,11:17:38,30.180000000,100
US2.CSCO,0,12/12/16,11:17:41,30.180000000,100
US2.CSCO,0,12/12/16,11:18:30,30.180000000,100
US2.CSCO,0,12/12/16,11:18:31,30.175000000,100
US2.CSCO,0,12/12/16,11:18:47,30.175000000,198
US2.CSCO,0,12/12/16,11:18:47,30.175000000,100
US2.CSCO,0,12/12/16,11:18:47,30.175000000,100
US2.CSCO,0,12/12/16,11:18:51,30.175000000,100
US2.CSCO,0,12/12/16,11:18:51,30.175000000,100
US2.CSCO,0,12/12/16,11:18:51,30.175000000,100
US2.CSCO,0,12/12/16,11:18:51,30.175000000,100
US2.CSCO,0,12/12/16,11:18:52,30.175000000,200
US2.CSCO,0,12/12/16,11:18:53,30.175000000,100
US2.CSCO,0,12/12/16,11:18:53,30.175000000,100
US2.CSCO,0,12/12/16,11:19:14,30.170000000,200
US2.CSCO,0,12/12/16,11:19:14,30.170000000,400
US2.CSCO,0,12/12/16,11:19:14,30.170000000,100
US2.CSCO,0,12/12/16,11:19:14,30.170000000,100
US2.CSCO,0,12/12/16,11:19:14,30.170000000,100
US2.CSCO,0,12/12/16,11:19:14,30.170000000,928
US2.CSCO,0,12/12/16,11:19:14,30.170000000,100
US2.CSCO,0,12/12/16,11:19:14,30.170000000,100
US2.CSCO,0,12/12/16,11:19:14,30.170000000,500
US2.CSCO,0,12/12/16,11:19:14,30.170000000,100
US2.CSCO,0,12/12/16,11:19:14,30.170000000,100
US2.CSCO,0,12/12/16,11:19:14,30.170000000,100
US2.CSCO,0,12/12/16,11:19:14,30.170000000,400
US2.CSCO,0,12/12/16,11:19:14,30.170000000,100
US2.CSCO,0,12/12/16,11:19:14,30.170000000,100
US2.CSCO,0,12/12/16,11:19:14,30.170000000,100
US2.CSCO,0,12/12/16,11:19:14,30.170000000,100
US2.CSCO,0,12/12/16,11:19:19,30.165000000,100
US2.CSCO,0,12/12/16,11:19:29,30.160000000,500
US2.CSCO,0,12/12/16,11:19:29,30.160000000,200
US2.CSCO,0,12/12/16,11:19:29,30.160000000,200
US2.CSCO,0,12/12/16,11:19:29,30.160000000,100
US2.CSCO,0,12/12/16,11:19:29,30.160000000,100
US2.CSCO,0,12/12/16,11:19:29,30.160000000,100
US2.CSCO,0,12/12/16,11:19:29,30.160000000,100
US2.CSCO,0,12/12/16,11:19:29,30.160000000,200
US2.CSCO,0,12/12/16,11:19:29,30.160000000,300
US2.CSCO,0,12/12/16,11:19:29,30.160000000,100
US2.CSCO,0,12/12/16,11:19:29,30.160000000,100
US2.CSCO,0,12/12/16,11:19:32,30.150000000,100
US2.CSCO,0,12/12/16,11:19:33,30.150000000,149
