<TICKER>,<PER>,<DATE>,<TIME>,<LAST>,<VOL>
US2.AAPL,0,12/12/16,09:30:00,113.290000000,100
US2.AAPL,0,12/12/16,09:30:00,113.250000000,100
US2.AAPL,0,12/12/16,09:30:00,113.240000000,100
US2.AAPL,0,12/12/16,09:30:00,113.310000000,100
US2.AAPL,0,12/12/16,09:30:00,113.310000000,100
US2.AAPL,0,12/12/16,09:30:00,113.310000000,100
US2.AAPL,0,12/12/16,09:30:00,113.260000000,100
US2.AAPL,0,12/12/16,09:30:00,113.260000000,100
US2.AAPL,0,12/12/16,09:30:00,113.240000000,100
US2.AAPL,0,12/12/16,09:30:00,113.240000000,100
US2.AAPL,0,12/12/16,09:30:00,113.270000000,100
US2.AAPL,0,12/12/16,09:30:00,113.270000000,100
US2.AAPL,0,12/12/16,09:30:01,113.260000000,100
US2.AAPL,0,12/12/16,09:30:01,113.200000000,300
US2.AAPL,0,12/12/16,09:30:01,113.200000000,100
US2.AAPL,0,12/12/16,09:30:01,113.240000000,100
US2.AAPL,0,12/12/16,09:30:01,113.280000000,100
US2.AAPL,0,12/12/16,09:30:02,113.250000000,100
US2.AAPL,0,12/12/16,09:30:02,113.250000000,100
US2.AAPL,0,12/12/16,09:30:03,113.210000000,100
US2.AAPL,0,12/12/16,09:30:03,113.210000000,100
US2.AAPL,0,12/12/16,09:30:04,113.210000000,100
US2.AAPL,0,12/12/16,09:30:04,113.230000000,100
US2.AAPL,0,12/12/16,09:30:05,113.230000000,100
US2.AAPL,0,12/12/16,09:30:08,113.200000000,100
US2.AAPL,0,12/12/16,09:30:08,113.210000000,100
US2.AAPL,0,12/12/16,09:30:08,113.200000000,100
US2.AAPL,0,12/12/16,09:30:08,113.200000000,100
US2.AAPL,0,12/12/16,09:30:08,113.210000000,100
US2.AAPL,0,12/12/16,09:30:10,113.210000000,100
US2.AAPL,0,12/12/16,09:30:10,113.220000000,100
US2.AAPL,0,12/12/16,09:30:11,113.220000000,100
US2.AAPL,0,12/12/16,09:30:11,113.230000000,100
US2.AAPL,0,12/12/16,09:30:11,113.230000000,400
US2.AAPL,0,12/12/16,09:30:11,113.220000000,100
US2.AAPL,0,12/12/16,09:30:12,113.220000000,100
US2.AAPL,0,12/12/16,09:30:18,113.160000000,253
US2.AAPL,0,12/12/16,09:30:18,113.160000000,283
US2.AAPL,0,12/12/16,09:30:18,113.160000000,100
US2.AAPL,0,12/12/16,09:30:19,113.160000000,200
US2.AAPL,0,12/12/16,09:30:19,113.160000000,100
US2.AAPL,0,12/12/16,09:30:20,113.160000000,100
US2.AAPL,0,12/12/16,09:30:20,113.150000000,491
US2.AAPL,0,12/12/16,09:30:20,113.150000000,300
US2.AAPL,0,12/12/16,09:30:20,113.160000000,100
US2.AAPL,0,12/12/16,09:30:21,113.170000000,100
US2.AAPL,0,12/12/16,09:30:21,113.170000000,200
US2.AAPL,0,12/12/16,09:30:25,113.170000000,100
US2.AAPL,0,12/12/16,09:30:25,113.180000000,100
US2.AAPL,0,12/12/16,09:30:25,113.180000000,1000
US2.AAPL,0,12/12/16,09:30:26,113.160000000,100
US2.AAPL,0,12/12/16,09:30:26,113.160000000,100
US2.AAPL,0,12/12/16,09:30:28,113.140000000,100
US2.AAPL,0,12/12/16,09:30:28,113.140000000,300
US2.AAPL,0,12/12/16,09:30:29,113.140000000,300
US2.AAPL,0,12/12/16,09:30:33,113.150000000,399
US2.AAPL,0,12/12/16,09:30:37,113.150000000,100
US2.AAPL,0,12/12/16,09:30:37,113.150000000,200
US2.AAPL,0,12/12/16,09:30:38,113.150000000,100
US2.AAPL,0,12/12/16,09:30:38,113.130000000,100
US2.AAPL,0,12/12/16,09:30:38,113.130000000,100
US2.AAPL,0,12/12/16,09:30:38,113.130000000,100
US2.AAPL,0,12/12/16,09:30:38,113.130000000,100
US2.AAPL,0,12/12/16,09:30:38,113.130000000,100
US2.AAPL,0,12/12/16,09:30:38,113.130000000,100
US2.AAPL,0,12/12/16,09:30:38,113.130000000,100
US2.AAPL,0,12/12/16,09:30:40,113.110000000,200
US2.AAPL,0,12/12/16,09:30:40,113.110000000,100
US2.AAPL,0,12/12/16,09:30:40,113.110000000,200
US2.AAPL,0,12/12/16,09:30:41,113.110000000,200
US2.AAPL,0,12/12/16,09:30:41,113.110000000,111
US2.AAPL,0,12/12/16,09:30:42,113.110000000,200
US2.AAPL,0,12/12/16,09:30:42,113.100000000,100
US2.AAPL,0,12/12/16,09:30:43,113.100000000,200
US2.AAPL,0,12/12/16,09:30:44,113.090000000,100
US2.AAPL,0,12/12/16,09:30:44,113.090000000,100
US2.AAPL,0,12/12/16,09:30:45,113.070000000,100
US2.AAPL,0,12/12/16,09:30:46,113.070000000,100
US2.AAPL,0,12/12/16,09:30:46,113.070000000,100
US2.AAPL,0,12/12/16,09:30:46,113.070000000,100
US2.AAPL,0,12/12/16,09:30:46,113.070000000,100
US2.AAPL,0,12/12/16,09:30:50,113.070000000,100
US2.AAPL,0,12/12/16,09:30:54,113.060000000,200
US2.AAPL,0,12/12/16,09:30:54,113.060000000,100
US2.AAPL,0,12/12/16,09:30:56,113.070000000,100
US2.AAPL,0,12/12/16,09:31:00,113.050000000,100
US2.AAPL,0,12/12/16,09:31:00,113.050000000,146
US2.AAPL,0,12/12/16,09:31:00,113.050000000,100
US2.AAPL,0,12/12/16,09:31:00,113.050000000,200
US2.AAPL,0,12/12/16,09:31:00,113.060000000,100
US2.AAPL,0,12/12/16,09:31:00,113.050000000,100
US2.AAPL,0,12/12/16,09:31:02,113.050000000,100
US2.AAPL,0,12/12/16,09:31:02,113.040000000,100
US2.AAPL,0,12/12/16,09:31:02,113.030000000,100
US2.AAPL,0,12/12/16,09:31:03,113.050000000,100
US2.AAPL,0,12/12/16,09:31:03,113.050000000,100
US2.AAPL,0,12/12/16,09:31:04,113.060000000,300
US2.AAPL,0,12/12/16,09:31:04,113.060000000,100
US2.AAPL,0,12/12/16,09:31:04,113.080000000,100
US2.AAPL,0,12/12/16,09:31:04,113.070000000,100
US2.AAPL,0,12/12/16,09:31:04,113.070000000,100
US2.AAPL,0,12/12/16,09:31:05,113.060000000,100
US2.AAPL,0,12/12/16,09:31:05,113.060000000,200
US2.AAPL,0,12/12/16,09:31:05,113.060000000,100
US2.AAPL,0,12/12/16,09:31:06,113.060000000,100
US2.AAPL,0,12/12/16,09:31:08,113.060000000,100
US2.AAPL,0,12/12/16,09:31:10,113.060000000,100
US2.AAPL,0,12/12/16,09:31:12,113.050000000,100
US2.AAPL,0,12/12/16,09:31:13,113.050000000,100
US2.AAPL,0,12/12/16,09:31:13,113.050000000,300
US2.AAPL,0,12/12/16,09:31:13,113.050000000,200
US2.AAPL,0,12/12/16,09:31:13,113.050000000,100
US2.AAPL,0,12/12/16,09:31:15,113.030000000,200
US2.AAPL,0,12/12/16,09:31:15,113.030000000,100
US2.AAPL,0,12/12/16,09:31:15,113.030000000,100
US2.AAPL,0,12/12/16,09:31:17,113.050000000,100
US2.AAPL,0,12/12/16,09:31:17,113.060000000,300
US2.AAPL,0,12/12/16,09:31:17,113.060000000,100
US2.AAPL,0,12/12/16,09:31:19,113.030000000,100
US2.AAPL,0,12/12/16,09:31:21,113.050000000,192
US2.AAPL,0,12/12/16,09:31:21,113.070000000,100
US2.AAPL,0,12/12/16,09:31:21,113.070000000,100
US2.AAPL,0,12/12/16,09:31:23,113.030000000,100
US2.AAPL,0,12/12/16,09:31:23,113.050000000,100
US2.AAPL,0,12/12/16,09:31:23,113.050000000,100
US2.AAPL,0,12/12/16,09:31:25,113.030000000,370
US2.AAPL,0,12/12/16,09:31:29,113.040000000,100
US2.AAPL,0,12/12/16,09:31:29,113.050000000,100
US2.AAPL,0,12/12/16,09:31:32,113.050000000,100
US2.AAPL,0,12/12/16,09:31:32,113.050000000,100
US2.AAPL,0,12/12/16,09:31:32,113.050000000,100
US2.AAPL,0,12/12/16,09:31:32,113.050000000,100
US2.AAPL,0,12/12/16,09:31:36,113.060000000,100
US2.AAPL,0,12/12/16,09:31:36,113.060000000,100
US2.AAPL,0,12/12/16,09:31:36,113.060000000,100
US2.AAPL,0,12/12/16,09:31:37,113.060000000,100
US2.AAPL,0,12/12/16,09:31:38,113.050000000,100
US2.AAPL,0,12/12/16,09:31:38,113.050000000,100
US2.AAPL,0,12/12/16,09:31:39,113.050000000,100
US2.AAPL,0,12/12/16,09:31:40,113.070000000,100
US2.AAPL,0,12/12/16,09:31:40,113.050000000,200
US2.AAPL,0,12/12/16,09:31:40,113.060000000,200
US2.AAPL,0,12/12/16,09:31:43,113.070000000,100
US2.AAPL,0,12/12/16,09:31:46,113.060000000,100
US2.AAPL,0,12/12/16,09:31:47,113.070000000,100
US2.AAPL,0,12/12/16,09:31:48,113.070000000,100
US2.AAPL,0,12/12/16,09:31:48,113.070000000,100
US2.AAPL,0,12/12/16,09:31:50,113.070000000,300
US2.AAPL,0,12/12/16,09:31:50,113.070000000,100
US2.AAPL,0,12/12/16,09:31:50,113.070000000,200
US2.AAPL,0,12/12/16,09:31:52,113.070000000,200
US2.AAPL,0,12/12/16,09:31:52,113.070000000,200
US2.AAPL,0,12/12/16,09:31:53,113.090000000,100
US2.AAPL,0,12/12/16,09:31:54,113.120000000,100
US2.AAPL,0,12/12/16,09:31:54,113.130000000,100
US2.AAPL,0,12/12/16,09:31:58,113.230000000,100
US2.AAPL,0,12/12/16,09:31:58,113.240000000,125
US2.AAPL,0,12/12/16,09:31:58,113.240000000,100
US2.AAPL,0,12/12/16,09:32:00,113.230000000,295
US2.AAPL,0,12/12/16,09:32:00,113.230000000,100
US2.AAPL,0,12/12/16,09:32:01,113.210000000,100
US2.AAPL,0,12/12/16,09:32:01,113.200000000,100
US2.AAPL,0,12/12/16,09:32:04,113.190000000,100
US2.AAPL,0,12/12/16,09:32:04,113.190000000,100
US2.AAPL,0,12/12/16,09:32:06,113.180000000,194
US2.AAPL,0,12/12/16,09:32:07,113.190000000,100
US2.AAPL,0,12/12/16,09:32:07,113.190000000,100
US2.AAPL,0,12/12/16,09:32:11,113.180000000,300
US2.AAPL,0,12/12/16,09:32:11,113.180000000,100
US2.AAPL,0,12/12/16,09:32:11,113.180000000,100
US2.AAPL,0,12/12/16,09:32:11,113.180000000,100
US2.AAPL,0,12/12/16,09:32:11,113.180000000,100
US2.AAPL,0,12/12/16,09:32:13,113.180000000,200
US2.AAPL,0,12/12/16,09:32:13,113.170000000,100
US2.AAPL,0,12/12/16,09:32:13,113.170000000,200
US2.AAPL,0,12/12/16,09:32:15,113.150000000,200
US2.AAPL,0,12/12/16,09:32:15,113.150000000,100
US2.AAPL,0,12/12/16,09:32:17,113.140000000,200
US2.AAPL,0,12/12/16,09:32:17,113.140000000,100
US2.AAPL,0,12/12/16,09:32:18,113.140000000,100
US2.AAPL,0,12/12/16,09:32:19,113.120000000,200
US2.AAPL,0,12/12/16,09:32:21,113.130000000,300
US2.AAPL,0,12/12/16,09:32:21,113.130000000,100
US2.AAPL,0,12/12/16,09:32:21,113.130000000,100
US2.AAPL,0,12/12/16,09:32:22,113.130000000,200
US2.AAPL,0,12/12/16,09:32:22,113.130000000,100
US2.AAPL,0,12/12/16,09:32:24,113.140000000,100
US2.AAPL,0,12/12/16,09:32:25,113.160000000,100
US2.AAPL,0,12/12/16,09:32:26,113.150000000,100
US2.AAPL,0,12/12/16,09:32:26,113.150000000,100
US2.AAPL,0,12/12/16,09:32:26,113.140000000,100
US2.AAPL,0,12/12/16,09:32:26,113.140000000,100
US2.AAPL,0,12/12/16,09:32:26,113.140000000,100
US2.AAPL,0,12/12/16,09:32:34,113.120000000,100
US2.AAPL,0,12/12/16,09:32:34,113.120000000,100
US2.AAPL,0,12/12/16,09:32:36,113.120000000,200
US2.AAPL,0,12/12/16,09:32:39,113.100000000,100
US2.AAPL,0,12/12/16,09:32:39,113.100000000,100
US2.AAPL,0,12/12/16,09:32:39,113.100000000,200
US2.AAPL,0,12/12/16,09:32:39,113.100000000,100
US2.AAPL,0,12/12/16,09:32:39,113.100000000,100
US2.AAPL,0,12/12/16,09:32:39,113.100000000,100
US2.AAPL,0,12/12/16,09:32:41,113.110000000,100
US2.AAPL,0,12/12/16,09:32:41,113.110000000,100
US2.AAPL,0,12/12/16,09:32:41,113.110000000,200
US2.AAPL,0,12/12/16,09:32:43,113.110000000,100
US2.AAPL,0,12/12/16,09:32:43,113.110000000,200
US2.AAPL,0,12/12/16,09:32:43,113.110000000,100
US2.AAPL,0,12/12/16,09:32:43,113.110000000,100
US2.AAPL,0,12/12/16,09:32:43,113.130000000,100
US2.AAPL,0,12/12/16,09:32:44,113.130000000,100
US2.AAPL,0,12/12/16,09:32:47,113.130000000,100
US2.AAPL,0,12/12/16,09:32:49,113.100000000,100
US2.AAPL,0,12/12/16,09:32:53,113.120000000,100
US2.AAPL,0,12/12/16,09:32:53,113.120000000,300
US2.AAPL,0,12/12/16,09:32:55,113.130000000,100
US2.AAPL,0,12/12/16,09:32:56,113.140000000,500
US2.AAPL,0,12/12/16,09:32:56,113.140000000,100
US2.AAPL,0,12/12/16,09:32:56,113.150000000,100
US2.AAPL,0,12/12/16,09:32:56,113.150000000,100
US2.AAPL,0,12/12/16,09:32:56,113.150000000,100
US2.AAPL,0,12/12/16,09:32:56,113.140000000,100
US2.AAPL,0,12/12/16,09:32:56,113.140000000,100
US2.AAPL,0,12/12/16,09:32:56,113.140000000,100
US2.AAPL,0,12/12/16,09:32:56,113.140000000,100
US2.AAPL,0,12/12/16,09:32:56,113.140000000,100
US2.AAPL,0,12/12/16,09:32:57,113.130000000,200
US2.AAPL,0,12/12/16,09:32:57,113.110000000,100
US2.AAPL,0,12/12/16,09:32:58,113.120000000,100
US2.AAPL,0,12/12/16,09:32:58,113.130000000,100
US2.AAPL,0,12/12/16,09:32:59,113.120000000,100
US2.AAPL,0,12/12/16,09:33:02,113.110000000,200
US2.AAPL,0,12/12/16,09:33:02,113.100000000,100
US2.AAPL,0,12/12/16,09:33:02,113.080000000,100
US2.AAPL,0,12/12/16,09:33:02,113.080000000,100
US2.AAPL,0,12/12/16,09:33:02,113.080000000,100
US2.AAPL,0,12/12/16,09:33:02,113.080000000,200
US2.AAPL,0,12/12/16,09:33:02,113.080000000,200
US2.AAPL,0,12/12/16,09:33:05,113.080000000,100
US2.AAPL,0,12/12/16,09:33:05,113.080000000,100
US2.AAPL,0,12/12/16,09:33:05,113.080000000,200
US2.AAPL,0,12/12/16,09:33:08,113.080000000,200
US2.AAPL,0,12/12/16,09:33:08,113.080000000,100
US2.AAPL,0,12/12/16,09:33:08,113.080000000,100
US2.AAPL,0,12/12/16,09:33:12,113.070000000,200
US2.AAPL,0,12/12/16,09:33:12,113.070000000,100
US2.AAPL,0,12/12/16,09:33:12,113.070000000,100
US2.AAPL,0,12/12/16,09:33:15,113.070000000,100
US2.AAPL,0,12/12/16,09:33:15,113.070000000,100
US2.AAPL,0,12/12/16,09:33:15,113.070000000,100
US2.AAPL,0,12/12/16,09:33:15,113.070000000,200
US2.AAPL,0,12/12/16,09:33:15,113.080000000,100
US2.AAPL,0,12/12/16,09:33:15,113.090000000,300
US2.AAPL,0,12/12/16,09:33:15,113.090000000,100
US2.AAPL,0,12/12/16,09:33:16,113.090000000,100
US2.AAPL,0,12/12/16,09:33:16,113.080000000,100
US2.AAPL,0,12/12/16,09:33:16,113.090000000,200
US2.AAPL,0,12/12/16,09:33:19,113.060000000,100
US2.AAPL,0,12/12/16,09:33:19,113.060000000,100
US2.AAPL,0,12/12/16,09:33:24,113.060000000,100
US2.AAPL,0,12/12/16,09:33:25,113.050000000,100
US2.AAPL,0,12/12/16,09:33:25,113.050000000,100
US2.AAPL,0,12/12/16,09:33:25,113.050000000,200
US2.AAPL,0,12/12/16,09:33:29,113.050000000,135
US2.AAPL,0,12/12/16,09:33:33,113.050000000,200
US2.AAPL,0,12/12/16,09:33:33,113.050000000,125
US2.AAPL,0,12/12/16,09:33:34,113.050000000,275
US2.AAPL,0,12/12/16,09:33:34,113.060000000,100
US2.AAPL,0,12/12/16,09:33:34,113.050000000,200
US2.AAPL,0,12/12/16,09:33:34,113.050000000,100
US2.AAPL,0,12/12/16,09:33:35,113.040000000,661
US2.AAPL,0,12/12/16,09:33:35,113.040000000,541
US2.AAPL,0,12/12/16,09:33:35,113.040000000,1400
US2.AAPL,0,12/12/16,09:33:35,113.040000000,2398
US2.AAPL,0,12/12/16,09:33:35,113.040000000,100
US2.AAPL,0,12/12/16,09:33:35,113.040000000,300
US2.AAPL,0,12/12/16,09:33:36,113.020000000,200
US2.AAPL,0,12/12/16,09:33:36,113.020000000,100
US2.AAPL,0,12/12/16,09:33:36,113.020000000,200
US2.AAPL,0,12/12/16,09:33:37,113.030000000,100
US2.AAPL,0,12/12/16,09:33:37,113.030000000,100
US2.AAPL,0,12/12/16,09:33:38,113.030000000,100
US2.AAPL,0,12/12/16,09:33:39,113.010000000,100
US2.AAPL,0,12/12/16,09:33:39,113.010000000,200
US2.AAPL,0,12/12/16,09:33:39,113.000000000,100
US2.AAPL,0,12/12/16,09:33:39,113.000000000,400
US2.AAPL,0,12/12/16,09:33:39,113.000000000,300
US2.AAPL,0,12/12/16,09:33:39,113.000000000,100
US2.AAPL,0,12/12/16,09:33:39,113.000000000,113
US2.AAPL,0,12/12/16,09:33:39,113.000000000,100
US2.AAPL,0,12/12/16,09:33:39,112.990000000,100
US2.AAPL,0,12/12/16,09:33:39,112.990000000,100
US2.AAPL,0,12/12/16,09:33:40,112.970000000,100
US2.AAPL,0,12/12/16,09:33:40,112.970000000,100
US2.AAPL,0,12/12/16,09:33:40,112.980000000,200
US2.AAPL,0,12/12/16,09:33:40,112.980000000,200
US2.AAPL,0,12/12/16,09:33:40,112.980000000,100
US2.AAPL,0,12/12/16,09:33:40,112.980000000,100
US2.AAPL,0,12/12/16,09:33:40,112.970000000,100
US2.AAPL,0,12/12/16,09:33:40,112.980000000,100
US2.AAPL,0,12/12/16,09:33:40,112.980000000,100
US2.AAPL,0,12/12/16,09:33:40,112.980000000,100
US2.AAPL,0,12/12/16,09:33:41,112.960000000,100
US2.AAPL,0,12/12/16,09:33:42,112.960000000,300
US2.AAPL,0,12/12/16,09:33:42,112.960000000,207
US2.AAPL,0,12/12/16,09:33:42,112.960000000,100
US2.AAPL,0,12/12/16,09:33:42,112.960000000,100
US2.AAPL,0,12/12/16,09:33:44,112.950000000,100
US2.AAPL,0,12/12/16,09:33:44,112.950000000,100
US2.AAPL,0,12/12/16,09:33:45,112.950000000,100
US2.AAPL,0,12/12/16,09:33:45,112.950000000,100
US2.AAPL,0,12/12/16,09:33:45,112.950000000,100
US2.AAPL,0,12/12/16,09:33:45,112.950000000,100
US2.AAPL,0,12/12/16,09:33:45,112.950000000,100
US2.AAPL,0,12/12/16,09:33:45,112.950000000,300
US2.AAPL,0,12/12/16,09:33:48,112.960000000,100
US2.AAPL,0,12/12/16,09:33:48,112.960000000,200
US2.AAPL,0,12/12/16,09:33:48,112.960000000,100
US2.AAPL,0,12/12/16,09:33:48,112.960000000,100
US2.AAPL,0,12/12/16,09:33:48,112.960000000,100
US2.AAPL,0,12/12/16,09:33:50,112.960000000,100
US2.AAPL,0,12/12/16,09:33:50,112.960000000,100
US2.AAPL,0,12/12/16,09:33:54,112.960000000,100
US2.AAPL,0,12/12/16,09:33:54,112.960000000,100
US2.AAPL,0,12/12/16,09:33:54,112.960000000,100
US2.AAPL,0,12/12/16,09:33:54,112.960000000,100
US2.AAPL,0,12/12/16,09:33:59,112.960000000,100
US2.AAPL,0,12/12/16,09:33:59,112.960000000,100
US2.AAPL,0,12/12/16,09:33:59,112.960000000,181
US2.AAPL,0,12/12/16,09:33:59,112.960000000,100
US2.AAPL,0,12/12/16,09:33:59,112.960000000,200
US2.AAPL,0,12/12/16,09:33:59,112.960000000,200
US2.AAPL,0,12/12/16,09:34:00,112.960000000,200
US2.AAPL,0,12/12/16,09:34:00,112.960000000,125
US2.AAPL,0,12/12/16,09:34:00,112.960000000,125
US2.AAPL,0,12/12/16,09:34:00,112.960000000,300
US2.AAPL,0,12/12/16,09:34:01,112.940000000,100
US2.AAPL,0,12/12/16,09:34:01,112.940000000,100
US2.AAPL,0,12/12/16,09:34:01,112.940000000,100
US2.AAPL,0,12/12/16,09:34:01,112.940000000,100
US2.AAPL,0,12/12/16,09:34:03,112.940000000,100
US2.AAPL,0,12/12/16,09:34:04,112.940000000,300
US2.AAPL,0,12/12/16,09:34:04,112.940000000,200
US2.AAPL,0,12/12/16,09:34:04,112.940000000,100
US2.AAPL,0,12/12/16,09:34:04,112.940000000,200
US2.AAPL,0,12/12/16,09:34:04,112.940000000,100
US2.AAPL,0,12/12/16,09:34:04,112.940000000,600
US2.AAPL,0,12/12/16,09:34:05,112.930000000,200
US2.AAPL,0,12/12/16,09:34:05,112.920000000,100
US2.AAPL,0,12/12/16,09:34:05,112.910000000,100
US2.AAPL,0,12/12/16,09:34:06,112.900000000,200
US2.AAPL,0,12/12/16,09:34:06,112.900000000,100
US2.AAPL,0,12/12/16,09:34:06,112.910000000,100
US2.AAPL,0,12/12/16,09:34:11,112.890000000,100
US2.AAPL,0,12/12/16,09:34:11,112.900000000,300
US2.AAPL,0,12/12/16,09:34:11,112.900000000,200
US2.AAPL,0,12/12/16,09:34:11,112.900000000,100
US2.AAPL,0,12/12/16,09:34:11,112.900000000,200
US2.AAPL,0,12/12/16,09:34:13,112.900000000,100
US2.AAPL,0,12/12/16,09:34:14,112.900000000,100
US2.AAPL,0,12/12/16,09:34:15,112.900000000,100
US2.AAPL,0,12/12/16,09:34:17,112.910000000,122
US2.AAPL,0,12/12/16,09:34:18,112.950000000,100
US2.AAPL,0,12/12/16,09:34:18,112.950000000,100
US2.AAPL,0,12/12/16,09:34:20,112.960000000,100
US2.AAPL,0,12/12/16,09:34:21,112.960000000,100
US2.AAPL,0,12/12/16,09:34:22,112.960000000,100
US2.AAPL,0,12/12/16,09:34:22,112.960000000,100
US2.AAPL,0,12/12/16,09:34:25,112.960000000,200
US2.AAPL,0,12/12/16,09:34:26,112.940000000,200
US2.AAPL,0,12/12/16,09:34:26,112.940000000,100
US2.AAPL,0,12/12/16,09:34:26,112.940000000,293
US2.AAPL,0,12/12/16,09:34:26,112.940000000,107
US2.AAPL,0,12/12/16,09:34:26,112.940000000,100
US2.AAPL,0,12/12/16,09:34:26,112.940000000,100
US2.AAPL,0,12/12/16,09:34:27,112.940000000,100
US2.AAPL,0,12/12/16,09:34:27,112.950000000,100
US2.AAPL,0,12/12/16,09:34:30,112.990000000,100
US2.AAPL,0,12/12/16,09:34:30,112.990000000,100
US2.AAPL,0,12/12/16,09:34:31,112.980000000,100
US2.AAPL,0,12/12/16,09:34:31,112.980000000,200
US2.AAPL,0,12/12/16,09:34:31,112.980000000,100
US2.AAPL,0,12/12/16,09:34:32,112.990000000,100
US2.AAPL,0,12/12/16,09:34:33,112.980000000,100
US2.AAPL,0,12/12/16,09:34:34,112.975000000,100
US2.AAPL,0,12/12/16,09:34:36,113.000000000,195
US2.AAPL,0,12/12/16,09:34:36,113.000000000,173
US2.AAPL,0,12/12/16,09:34:36,113.020000000,100
US2.AAPL,0,12/12/16,09:34:36,113.040000000,100
US2.AAPL,0,12/12/16,09:34:36,113.050000000,100
US2.AAPL,0,12/12/16,09:34:37,113.050000000,100
US2.AAPL,0,12/12/16,09:34:38,113.030000000,100
US2.AAPL,0,12/12/16,09:34:41,113.050000000,100
US2.AAPL,0,12/12/16,09:34:43,113.040000000,100
US2.AAPL,0,12/12/16,09:34:44,113.050000000,100
US2.AAPL,0,12/12/16,09:34:44,113.050000000,100
US2.AAPL,0,12/12/16,09:34:46,113.050000000,100
US2.AAPL,0,12/12/16,09:34:46,113.050000000,200
US2.AAPL,0,12/12/16,09:34:46,113.050000000,100
US2.AAPL,0,12/12/16,09:34:46,113.040000000,100
US2.AAPL,0,12/12/16,09:34:46,113.040000000,100
US2.AAPL,0,12/12/16,09:34:48,113.060000000,100
US2.AAPL,0,12/12/16,09:34:49,113.060000000,100
US2.AAPL,0,12/12/16,09:34:50,113.060000000,100
US2.AAPL,0,12/12/16,09:34:52,113.040000000,100
US2.AAPL,0,12/12/16,09:34:52,113.030000000,200
US2.AAPL,0,12/12/16,09:34:52,113.030000000,100
US2.AAPL,0,12/12/16,09:34:52,113.030000000,100
US2.AAPL,0,12/12/16,09:34:52,113.030000000,100
US2.AAPL,0,12/12/16,09:34:54,113.010000000,100
US2.AAPL,0,12/12/16,09:34:57,113.010000000,200
US2.AAPL,0,12/12/16,09:34:57,113.010000000,100
US2.AAPL,0,12/12/16,09:34:57,113.010000000,100
US2.AAPL,0,12/12/16,09:34:59,112.990000000,100
US2.AAPL,0,12/12/16,09:35:00,113.000000000,100
US2.AAPL,0,12/12/16,09:35:01,112.970000000,100
US2.AAPL,0,12/12/16,09:35:02,112.970000000,200
US2.AAPL,0,12/12/16,09:35:02,112.970000000,100
US2.AAPL,0,12/12/16,09:35:03,112.980000000,100
US2.AAPL,0,12/12/16,09:35:04,112.980000000,100
US2.AAPL,0,12/12/16,09:35:05,112.980000000,100
US2.AAPL,0,12/12/16,09:35:06,112.980000000,100
US2.AAPL,0,12/12/16,09:35:06,112.980000000,100
US2.AAPL,0,12/12/16,09:35:07,113.000000000,400
US2.AAPL,0,12/12/16,09:35:10,113.000000000,100
US2.AAPL,0,12/12/16,09:35:10,113.000000000,100
US2.AAPL,0,12/12/16,09:35:10,113.000000000,100
US2.AAPL,0,12/12/16,09:35:10,113.000000000,100
US2.AAPL,0,12/12/16,09:35:10,113.000000000,100
US2.AAPL,0,12/12/16,09:35:10,113.000000000,100
US2.AAPL,0,12/12/16,09:35:10,113.000000000,100
US2.AAPL,0,12/12/16,09:35:10,113.000000000,100
US2.AAPL,0,12/12/16,09:35:13,113.010000000,100
US2.AAPL,0,12/12/16,09:35:13,113.010000000,100
US2.AAPL,0,12/12/16,09:35:14,113.000000000,200
US2.AAPL,0,12/12/16,09:35:14,113.000000000,100
US2.AAPL,0,12/12/16,09:35:16,113.000000000,400
US2.AAPL,0,12/12/16,09:35:16,112.990000000,100
US2.AAPL,0,12/12/16,09:35:16,112.990000000,100
US2.AAPL,0,12/12/16,09:35:16,112.990000000,100
US2.AAPL,0,12/12/16,09:35:16,112.990000000,100
US2.AAPL,0,12/12/16,09:35:16,113.000000000,200
US2.AAPL,0,12/12/16,09:35:16,113.000000000,100
US2.AAPL,0,12/12/16,09:35:16,112.990000000,100
US2.AAPL,0,12/12/16,09:35:16,112.990000000,100
US2.AAPL,0,12/12/16,09:35:16,112.970000000,100
US2.AAPL,0,12/12/16,09:35:16,112.970000000,100
US2.AAPL,0,12/12/16,09:35:16,112.970000000,200
US2.AAPL,0,12/12/16,09:35:16,112.970000000,100
US2.AAPL,0,12/12/16,09:35:17,112.970000000,300
US2.AAPL,0,12/12/16,09:35:17,112.980000000,100
US2.AAPL,0,12/12/16,09:35:17,112.980000000,100
US2.AAPL,0,12/12/16,09:35:18,112.980000000,100
US2.AAPL,0,12/12/16,09:35:18,112.950000000,200
US2.AAPL,0,12/12/16,09:35:18,112.950000000,100
US2.AAPL,0,12/12/16,09:35:18,112.950000000,100
US2.AAPL,0,12/12/16,09:35:18,112.950000000,100
US2.AAPL,0,12/12/16,09:35:18,112.940000000,100
US2.AAPL,0,12/12/16,09:35:19,112.940000000,100
US2.AAPL,0,12/12/16,09:35:20,112.950000000,300
US2.AAPL,0,12/12/16,09:35:21,112.970000000,100
US2.AAPL,0,12/12/16,09:35:21,112.970000000,200
US2.AAPL,0,12/12/16,09:35:21,112.970000000,100
US2.AAPL,0,12/12/16,09:35:21,112.970000000,100
US2.AAPL,0,12/12/16,09:35:21,112.970000000,100
US2.AAPL,0,12/12/16,09:35:22,112.970000000,100
US2.AAPL,0,12/12/16,09:35:22,112.970000000,100
US2.AAPL,0,12/12/16,09:35:24,112.920000000,100
US2.AAPL,0,12/12/16,09:35:26,112.930000000,200
US2.AAPL,0,12/12/16,09:35:26,112.920000000,100
US2.AAPL,0,12/12/16,09:35:26,112.920000000,100
US2.AAPL,0,12/12/16,09:35:26,112.930000000,100
US2.AAPL,0,12/12/16,09:35:26,112.930000000,100
US2.AAPL,0,12/12/16,09:35:27,112.920000000,100
US2.AAPL,0,12/12/16,09:35:27,112.920000000,100
US2.AAPL,0,12/12/16,09:35:29,112.920000000,100
US2.AAPL,0,12/12/16,09:35:29,112.910000000,125
US2.AAPL,0,12/12/16,09:35:29,112.910000000,100
US2.AAPL,0,12/12/16,09:35:32,112.910000000,100
US2.AAPL,0,12/12/16,09:35:32,112.910000000,100
US2.AAPL,0,12/12/16,09:35:32,112.910000000,200
US2.AAPL,0,12/12/16,09:35:32,112.910000000,100
US2.AAPL,0,12/12/16,09:35:32,112.920000000,200
US2.AAPL,0,12/12/16,09:35:32,112.920000000,200
US2.AAPL,0,12/12/16,09:35:32,112.920000000,300
US2.AAPL,0,12/12/16,09:35:32,112.920000000,100
US2.AAPL,0,12/12/16,09:35:34,112.900000000,300
US2.AAPL,0,12/12/16,09:35:34,112.890000000,100
US2.AAPL,0,12/12/16,09:35:37,112.890000000,200
US2.AAPL,0,12/12/16,09:35:38,112.880000000,100
US2.AAPL,0,12/12/16,09:35:39,112.870000000,100
US2.AAPL,0,12/12/16,09:35:41,112.870000000,100
US2.AAPL,0,12/12/16,09:35:42,112.870000000,100
US2.AAPL,0,12/12/16,09:35:44,112.870000000,100
US2.AAPL,0,12/12/16,09:35:44,112.870000000,300
US2.AAPL,0,12/12/16,09:35:45,112.860000000,100
US2.AAPL,0,12/12/16,09:35:45,112.860000000,100
US2.AAPL,0,12/12/16,09:35:45,112.840000000,100
US2.AAPL,0,12/12/16,09:35:45,112.840000000,100
US2.AAPL,0,12/12/16,09:35:45,112.830000000,100
US2.AAPL,0,12/12/16,09:35:45,112.820000000,100
US2.AAPL,0,12/12/16,09:35:46,112.810000000,100
US2.AAPL,0,12/12/16,09:35:46,112.810000000,100
US2.AAPL,0,12/12/16,09:35:46,112.800000000,200
US2.AAPL,0,12/12/16,09:35:46,112.780000000,100
US2.AAPL,0,12/12/16,09:35:46,112.780000000,100
US2.AAPL,0,12/12/16,09:35:46,112.790000000,200
US2.AAPL,0,12/12/16,09:35:47,112.820000000,100
US2.AAPL,0,12/12/16,09:35:47,112.840000000,100
US2.AAPL,0,12/12/16,09:35:47,112.840000000,100
US2.AAPL,0,12/12/16,09:35:47,112.840000000,100
US2.AAPL,0,12/12/16,09:35:47,112.850000000,100
US2.AAPL,0,12/12/16,09:35:47,112.850000000,100
US2.AAPL,0,12/12/16,09:35:47,112.850000000,100
US2.AAPL,0,12/12/16,09:35:47,112.850000000,100
US2.AAPL,0,12/12/16,09:35:47,112.850000000,100
US2.AAPL,0,12/12/16,09:35:48,112.840000000,100
US2.AAPL,0,12/12/16,09:35:49,112.840000000,100
US2.AAPL,0,12/12/16,09:35:51,112.840000000,200
US2.AAPL,0,12/12/16,09:35:52,112.830000000,100
US2.AAPL,0,12/12/16,09:35:52,112.830000000,100
US2.AAPL,0,12/12/16,09:35:52,112.830000000,100
US2.AAPL,0,12/12/16,09:35:52,112.830000000,100
US2.AAPL,0,12/12/16,09:35:52,112.830000000,100
US2.AAPL,0,12/12/16,09:35:52,112.830000000,100
US2.AAPL,0,12/12/16,09:35:52,112.830000000,100
US2.AAPL,0,12/12/16,09:35:52,112.840000000,200
US2.AAPL,0,12/12/16,09:35:52,112.850000000,100
US2.AAPL,0,12/12/16,09:35:53,112.840000000,100
US2.AAPL,0,12/12/16,09:35:54,112.850000000,100
US2.AAPL,0,12/12/16,09:36:00,112.860000000,112
US2.AAPL,0,12/12/16,09:36:00,112.850000000,100
US2.AAPL,0,12/12/16,09:36:00,112.850000000,100
US2.AAPL,0,12/12/16,09:36:01,112.845000000,100
US2.AAPL,0,12/12/16,09:36:01,112.840000000,100
US2.AAPL,0,12/12/16,09:36:01,112.830000000,100
US2.AAPL,0,12/12/16,09:36:02,112.820000000,100
US2.AAPL,0,12/12/16,09:36:04,112.790000000,100
US2.AAPL,0,12/12/16,09:36:04,112.800000000,100
US2.AAPL,0,12/12/16,09:36:05,112.800000000,100
US2.AAPL,0,12/12/16,09:36:05,112.800000000,100
US2.AAPL,0,12/12/16,09:36:05,112.800000000,100
US2.AAPL,0,12/12/16,09:36:06,112.800000000,100
US2.AAPL,0,12/12/16,09:36:06,112.800000000,100
US2.AAPL,0,12/12/16,09:36:08,112.810000000,200
US2.AAPL,0,12/12/16,09:36:10,112.790000000,100
US2.AAPL,0,12/12/16,09:36:10,112.790000000,100
US2.AAPL,0,12/12/16,09:36:15,112.780000000,100
US2.AAPL,0,12/12/16,09:36:19,112.790000000,300
US2.AAPL,0,12/12/16,09:36:19,112.790000000,100
US2.AAPL,0,12/12/16,09:36:19,112.790000000,100
US2.AAPL,0,12/12/16,09:36:19,112.790000000,100
US2.AAPL,0,12/12/16,09:36:19,112.790000000,100
US2.AAPL,0,12/12/16,09:36:19,112.790000000,100
US2.AAPL,0,12/12/16,09:36:19,112.790000000,100
US2.AAPL,0,12/12/16,09:36:19,112.790000000,100
US2.AAPL,0,12/12/16,09:36:22,112.780000000,200
US2.AAPL,0,12/12/16,09:36:22,112.780000000,100
US2.AAPL,0,12/12/16,09:36:25,112.760000000,400
US2.AAPL,0,12/12/16,09:36:26,112.750000000,500
US2.AAPL,0,12/12/16,09:36:26,112.750000000,100
US2.AAPL,0,12/12/16,09:36:26,112.750000000,100
US2.AAPL,0,12/12/16,09:36:26,112.740000000,100
US2.AAPL,0,12/12/16,09:36:26,112.730000000,100
US2.AAPL,0,12/12/16,09:36:30,112.740000000,100
US2.AAPL,0,12/12/16,09:36:31,112.750000000,200
US2.AAPL,0,12/12/16,09:36:31,112.750000000,100
US2.AAPL,0,12/12/16,09:36:33,112.755000000,200
US2.AAPL,0,12/12/16,09:36:33,112.760000000,100
US2.AAPL,0,12/12/16,09:36:33,112.770000000,100
US2.AAPL,0,12/12/16,09:36:34,112.790000000,100
US2.AAPL,0,12/12/16,09:36:36,112.790000000,200
US2.AAPL,0,12/12/16,09:36:36,112.790000000,100
US2.AAPL,0,12/12/16,09:36:39,112.780000000,100
US2.AAPL,0,12/12/16,09:36:39,112.780000000,200
US2.AAPL,0,12/12/16,09:36:39,112.770000000,100
US2.AAPL,0,12/12/16,09:36:39,112.770000000,100
US2.AAPL,0,12/12/16,09:36:39,112.745000000,100
US2.AAPL,0,12/12/16,09:36:40,112.750000000,100
US2.AAPL,0,12/12/16,09:36:40,112.750000000,100
US2.AAPL,0,12/12/16,09:36:42,112.750000000,100
US2.AAPL,0,12/12/16,09:36:42,112.770000000,100
US2.AAPL,0,12/12/16,09:36:43,112.780000000,100
US2.AAPL,0,12/12/16,09:36:44,112.780000000,100
US2.AAPL,0,12/12/16,09:36:44,112.780000000,100
US2.AAPL,0,12/12/16,09:36:44,112.780000000,100
US2.AAPL,0,12/12/16,09:36:44,112.780000000,100
US2.AAPL,0,12/12/16,09:36:45,112.790000000,100
US2.AAPL,0,12/12/16,09:36:45,112.790000000,100
US2.AAPL,0,12/12/16,09:36:45,112.790000000,100
US2.AAPL,0,12/12/16,09:36:45,112.780000000,100
US2.AAPL,0,12/12/16,09:36:45,112.790000000,100
US2.AAPL,0,12/12/16,09:36:45,112.790000000,100
US2.AAPL,0,12/12/16,09:36:45,112.790000000,100
US2.AAPL,0,12/12/16,09:36:45,112.790000000,100
US2.AAPL,0,12/12/16,09:36:45,112.790000000,100
US2.AAPL,0,12/12/16,09:36:45,112.790000000,100
US2.AAPL,0,12/12/16,09:36:45,112.780000000,100
US2.AAPL,0,12/12/16,09:36:45,112.780000000,100
US2.AAPL,0,12/12/16,09:36:46,112.780000000,100
US2.AAPL,0,12/12/16,09:36:47,112.780000000,200
US2.AAPL,0,12/12/16,09:36:47,112.780000000,100
US2.AAPL,0,12/12/16,09:36:48,112.780000000,100
US2.AAPL,0,12/12/16,09:36:48,112.780000000,100
US2.AAPL,0,12/12/16,09:36:48,112.780000000,100
US2.AAPL,0,12/12/16,09:36:48,112.770000000,100
US2.AAPL,0,12/12/16,09:36:48,112.750000000,100
US2.AAPL,0,12/12/16,09:36:49,112.740000000,200
US2.AAPL,0,12/12/16,09:36:49,112.740000000,100
US2.AAPL,0,12/12/16,09:36:49,112.740000000,100
US2.AAPL,0,12/12/16,09:36:49,112.740000000,100
US2.AAPL,0,12/12/16,09:36:49,112.730000000,100
US2.AAPL,0,12/12/16,09:36:49,112.740000000,100
US2.AAPL,0,12/12/16,09:36:49,112.740000000,100
US2.AAPL,0,12/12/16,09:36:50,112.750000000,100
US2.AAPL,0,12/12/16,09:36:50,112.750000000,100
US2.AAPL,0,12/12/16,09:36:50,112.750000000,100
US2.AAPL,0,12/12/16,09:36:50,112.760000000,100
US2.AAPL,0,12/12/16,09:36:50,112.760000000,100
US2.AAPL,0,12/12/16,09:36:50,112.760000000,100
US2.AAPL,0,12/12/16,09:36:50,112.760000000,300
US2.AAPL,0,12/12/16,09:36:50,112.760000000,300
US2.AAPL,0,12/12/16,09:36:50,112.770000000,100
US2.AAPL,0,12/12/16,09:36:50,112.760000000,100
US2.AAPL,0,12/12/16,09:36:50,112.750000000,100
US2.AAPL,0,12/12/16,09:36:50,112.750000000,100
US2.AAPL,0,12/12/16,09:36:50,112.740000000,100
US2.AAPL,0,12/12/16,09:36:50,112.740000000,100
US2.AAPL,0,12/12/16,09:36:50,112.730000000,500
US2.AAPL,0,12/12/16,09:36:50,112.750000000,100
US2.AAPL,0,12/12/16,09:36:50,112.750000000,100
US2.AAPL,0,12/12/16,09:36:50,112.760000000,200
US2.AAPL,0,12/12/16,09:36:50,112.760000000,100
US2.AAPL,0,12/12/16,09:36:50,112.760000000,100
US2.AAPL,0,12/12/16,09:36:50,112.760000000,1000
US2.AAPL,0,12/12/16,09:36:51,112.760000000,100
US2.AAPL,0,12/12/16,09:36:51,112.760000000,100
US2.AAPL,0,12/12/16,09:36:51,112.760000000,200
US2.AAPL,0,12/12/16,09:36:51,112.760000000,100
US2.AAPL,0,12/12/16,09:36:51,112.760000000,398
US2.AAPL,0,12/12/16,09:36:55,112.750000000,100
US2.AAPL,0,12/12/16,09:36:55,112.750000000,100
US2.AAPL,0,12/12/16,09:36:56,112.730000000,100
US2.AAPL,0,12/12/16,09:36:57,112.710000000,100
US2.AAPL,0,12/12/16,09:36:57,112.710000000,200
US2.AAPL,0,12/12/16,09:36:58,112.710000000,100
US2.AAPL,0,12/12/16,09:36:58,112.710000000,100
US2.AAPL,0,12/12/16,09:36:58,112.700000000,129
US2.AAPL,0,12/12/16,09:36:58,112.700000000,171
US2.AAPL,0,12/12/16,09:36:59,112.680000000,100
US2.AAPL,0,12/12/16,09:36:59,112.680000000,100
US2.AAPL,0,12/12/16,09:37:00,112.670000000,100
US2.AAPL,0,12/12/16,09:37:00,112.670000000,100
US2.AAPL,0,12/12/16,09:37:00,112.670000000,100
US2.AAPL,0,12/12/16,09:37:00,112.680000000,100
US2.AAPL,0,12/12/16,09:37:00,112.680000000,100
US2.AAPL,0,12/12/16,09:37:01,112.680000000,100
US2.AAPL,0,12/12/16,09:37:03,112.680000000,100
US2.AAPL,0,12/12/16,09:37:03,112.680000000,100
US2.AAPL,0,12/12/16,09:37:03,112.680000000,100
US2.AAPL,0,12/12/16,09:37:03,112.680000000,100
US2.AAPL,0,12/12/16,09:37:04,112.680000000,100
US2.AAPL,0,12/12/16,09:37:04,112.690000000,100
US2.AAPL,0,12/12/16,09:37:04,112.690000000,100
US2.AAPL,0,12/12/16,09:37:04,112.700000000,147
US2.AAPL,0,12/12/16,09:37:04,112.700000000,100
US2.AAPL,0,12/12/16,09:37:04,112.700000000,100
US2.AAPL,0,12/12/16,09:37:05,112.705000000,100
US2.AAPL,0,12/12/16,09:37:07,112.710000000,200
US2.AAPL,0,12/12/16,09:37:08,112.720000000,100
US2.AAPL,0,12/12/16,09:37:08,112.720000000,100
US2.AAPL,0,12/12/16,09:37:09,112.730000000,100
US2.AAPL,0,12/12/16,09:37:09,112.730000000,100
US2.AAPL,0,12/12/16,09:37:09,112.730000000,100
US2.AAPL,0,12/12/16,09:37:09,112.730000000,100
US2.AAPL,0,12/12/16,09:37:10,112.730000000,500
US2.AAPL,0,12/12/16,09:37:10,112.720000000,100
US2.AAPL,0,12/12/16,09:37:10,112.710000000,100
US2.AAPL,0,12/12/16,09:37:11,112.710000000,198
US2.AAPL,0,12/12/16,09:37:12,112.710000000,100
US2.AAPL,0,12/12/16,09:37:12,112.700000000,100
US2.AAPL,0,12/12/16,09:37:12,112.700000000,100
US2.AAPL,0,12/12/16,09:37:12,112.700000000,100
US2.AAPL,0,12/12/16,09:37:12,112.690000000,100
US2.AAPL,0,12/12/16,09:37:13,112.680000000,200
US2.AAPL,0,12/12/16,09:37:13,112.700000000,100
US2.AAPL,0,12/12/16,09:37:13,112.710000000,100
US2.AAPL,0,12/12/16,09:37:13,112.710000000,200
US2.AAPL,0,12/12/16,09:37:13,112.710000000,100
US2.AAPL,0,12/12/16,09:37:15,112.710000000,100
US2.AAPL,0,12/12/16,09:37:15,112.710000000,100
US2.AAPL,0,12/12/16,09:37:15,112.710000000,100
US2.AAPL,0,12/12/16,09:37:15,112.750000000,100
US2.AAPL,0,12/12/16,09:37:15,112.750000000,100
US2.AAPL,0,12/12/16,09:37:15,112.760000000,100
US2.AAPL,0,12/12/16,09:37:16,112.760000000,100
US2.AAPL,0,12/12/16,09:37:16,112.750000000,100
US2.AAPL,0,12/12/16,09:37:16,112.740000000,100
US2.AAPL,0,12/12/16,09:37:17,112.720000000,100
US2.AAPL,0,12/12/16,09:37:17,112.700000000,100
US2.AAPL,0,12/12/16,09:37:18,112.720000000,100
US2.AAPL,0,12/12/16,09:37:18,112.720000000,100
US2.AAPL,0,12/12/16,09:37:19,112.730000000,100
US2.AAPL,0,12/12/16,09:37:19,112.730000000,100
US2.AAPL,0,12/12/16,09:37:19,112.730000000,100
US2.AAPL,0,12/12/16,09:37:20,112.730000000,100
US2.AAPL,0,12/12/16,09:37:21,112.750000000,100
US2.AAPL,0,12/12/16,09:37:21,112.750000000,100
US2.AAPL,0,12/12/16,09:37:22,112.750000000,200
US2.AAPL,0,12/12/16,09:37:22,112.750000000,100
US2.AAPL,0,12/12/16,09:37:23,112.750000000,100
US2.AAPL,0,12/12/16,09:37:25,112.740000000,100
US2.AAPL,0,12/12/16,09:37:26,112.730000000,300
US2.AAPL,0,12/12/16,09:37:26,112.700000000,100
US2.AAPL,0,12/12/16,09:37:27,112.690000000,100
US2.AAPL,0,12/12/16,09:37:28,112.710000000,100
US2.AAPL,0,12/12/16,09:37:31,112.710000000,100
US2.AAPL,0,12/12/16,09:37:31,112.700000000,100
US2.AAPL,0,12/12/16,09:37:31,112.700000000,100
US2.AAPL,0,12/12/16,09:37:31,112.700000000,100
US2.AAPL,0,12/12/16,09:37:32,112.690000000,100
US2.AAPL,0,12/12/16,09:37:34,112.680000000,100
US2.AAPL,0,12/12/16,09:37:34,112.680000000,100
US2.AAPL,0,12/12/16,09:37:34,112.670000000,100
US2.AAPL,0,12/12/16,09:37:34,112.670000000,100
US2.AAPL,0,12/12/16,09:37:35,112.650000000,100
US2.AAPL,0,12/12/16,09:37:35,112.645000000,100
US2.AAPL,0,12/12/16,09:37:35,112.640000000,100
US2.AAPL,0,12/12/16,09:37:35,112.640000000,100
US2.AAPL,0,12/12/16,09:37:38,112.640000000,100
US2.AAPL,0,12/12/16,09:37:38,112.640000000,100
US2.AAPL,0,12/12/16,09:37:39,112.640000000,100
US2.AAPL,0,12/12/16,09:37:39,112.640000000,100
US2.AAPL,0,12/12/16,09:37:39,112.640000000,100
US2.AAPL,0,12/12/16,09:37:39,112.630000000,100
US2.AAPL,0,12/12/16,09:37:39,112.630000000,100
US2.AAPL,0,12/12/16,09:37:39,112.610000000,100
US2.AAPL,0,12/12/16,09:37:39,112.600000000,100
US2.AAPL,0,12/12/16,09:37:40,112.600000000,100
US2.AAPL,0,12/12/16,09:37:41,112.610000000,100
US2.AAPL,0,12/12/16,09:37:41,112.610000000,100
US2.AAPL,0,12/12/16,09:37:41,112.610000000,100
US2.AAPL,0,12/12/16,09:37:42,112.610000000,100
US2.AAPL,0,12/12/16,09:37:42,112.610000000,100
US2.AAPL,0,12/12/16,09:37:42,112.610000000,100
US2.AAPL,0,12/12/16,09:37:42,112.610000000,100
US2.AAPL,0,12/12/16,09:37:42,112.610000000,100
US2.AAPL,0,12/12/16,09:37:42,112.610000000,100
US2.AAPL,0,12/12/16,09:37:43,112.610000000,100
US2.AAPL,0,12/12/16,09:37:43,112.600000000,100
US2.AAPL,0,12/12/16,09:37:43,112.600000000,100
US2.AAPL,0,12/12/16,09:37:48,112.590000000,100
US2.AAPL,0,12/12/16,09:37:48,112.590000000,100
US2.AAPL,0,12/12/16,09:37:49,112.600000000,200
US2.AAPL,0,12/12/16,09:37:49,112.600000000,100
US2.AAPL,0,12/12/16,09:37:49,112.600000000,100
US2.AAPL,0,12/12/16,09:37:49,112.600000000,100
US2.AAPL,0,12/12/16,09:37:49,112.600000000,200
US2.AAPL,0,12/12/16,09:37:49,112.600000000,100
US2.AAPL,0,12/12/16,09:37:49,112.600000000,200
US2.AAPL,0,12/12/16,09:37:50,112.590000000,100
US2.AAPL,0,12/12/16,09:37:50,112.590000000,100
US2.AAPL,0,12/12/16,09:37:50,112.590000000,100
US2.AAPL,0,12/12/16,09:37:50,112.580000000,100
US2.AAPL,0,12/12/16,09:37:50,112.580000000,100
US2.AAPL,0,12/12/16,09:37:50,112.580000000,100
US2.AAPL,0,12/12/16,09:37:50,112.590000000,100
US2.AAPL,0,12/12/16,09:37:50,112.590000000,100
US2.AAPL,0,12/12/16,09:37:50,112.590000000,100
US2.AAPL,0,12/12/16,09:37:50,112.590000000,100
US2.AAPL,0,12/12/16,09:37:53,112.580000000,100
US2.AAPL,0,12/12/16,09:37:53,112.580000000,147
US2.AAPL,0,12/12/16,09:37:54,112.560000000,200
US2.AAPL,0,12/12/16,09:37:54,112.560000000,100
US2.AAPL,0,12/12/16,09:37:55,112.560000000,100
US2.AAPL,0,12/12/16,09:37:55,112.560000000,100
US2.AAPL,0,12/12/16,09:37:58,112.560000000,100
US2.AAPL,0,12/12/16,09:38:00,112.560000000,100
US2.AAPL,0,12/12/16,09:38:00,112.550000000,100
US2.AAPL,0,12/12/16,09:38:00,112.550000000,100
US2.AAPL,0,12/12/16,09:38:01,112.560000000,200
US2.AAPL,0,12/12/16,09:38:01,112.560000000,100
US2.AAPL,0,12/12/16,09:38:01,112.560000000,100
US2.AAPL,0,12/12/16,09:38:01,112.560000000,100
US2.AAPL,0,12/12/16,09:38:01,112.560000000,100
US2.AAPL,0,12/12/16,09:38:01,112.550000000,200
US2.AAPL,0,12/12/16,09:38:01,112.540000000,100
US2.AAPL,0,12/12/16,09:38:01,112.530000000,100
US2.AAPL,0,12/12/16,09:38:02,112.530000000,100
US2.AAPL,0,12/12/16,09:38:02,112.530000000,100
US2.AAPL,0,12/12/16,09:38:02,112.530000000,100
US2.AAPL,0,12/12/16,09:38:02,112.550000000,100
US2.AAPL,0,12/12/16,09:38:02,112.550000000,100
US2.AAPL,0,12/12/16,09:38:02,112.550000000,100
US2.AAPL,0,12/12/16,09:38:02,112.550000000,100
US2.AAPL,0,12/12/16,09:38:02,112.550000000,100
US2.AAPL,0,12/12/16,09:38:02,112.550000000,100
US2.AAPL,0,12/12/16,09:38:03,112.530000000,100
US2.AAPL,0,12/12/16,09:38:03,112.530000000,100
US2.AAPL,0,12/12/16,09:38:03,112.530000000,100
US2.AAPL,0,12/12/16,09:38:03,112.530000000,100
US2.AAPL,0,12/12/16,09:38:03,112.530000000,100
US2.AAPL,0,12/12/16,09:38:03,112.520000000,300
US2.AAPL,0,12/12/16,09:38:03,112.520000000,100
US2.AAPL,0,12/12/16,09:38:03,112.520000000,100
US2.AAPL,0,12/12/16,09:38:03,112.520000000,100
US2.AAPL,0,12/12/16,09:38:03,112.500000000,100
US2.AAPL,0,12/12/16,09:38:03,112.500000000,100
US2.AAPL,0,12/12/16,09:38:03,112.500000000,100
US2.AAPL,0,12/12/16,09:38:03,112.500000000,200
US2.AAPL,0,12/12/16,09:38:03,112.500000000,200
US2.AAPL,0,12/12/16,09:38:03,112.500000000,100
US2.AAPL,0,12/12/16,09:38:03,112.500000000,200
US2.AAPL,0,12/12/16,09:38:03,112.500000000,100
US2.AAPL,0,12/12/16,09:38:03,112.500000000,200
US2.AAPL,0,12/12/16,09:38:03,112.500000000,100
US2.AAPL,0,12/12/16,09:38:03,112.500000000,100
US2.AAPL,0,12/12/16,09:38:03,112.500000000,200
US2.AAPL,0,12/12/16,09:38:03,112.500000000,100
US2.AAPL,0,12/12/16,09:38:03,112.490000000,400
US2.AAPL,0,12/12/16,09:38:03,112.500000000,300
US2.AAPL,0,12/12/16,09:38:03,112.500000000,100
US2.AAPL,0,12/12/16,09:38:05,112.550000000,2100
US2.AAPL,0,12/12/16,09:38:05,112.570000000,100
US2.AAPL,0,12/12/16,09:38:06,112.570000000,300
US2.AAPL,0,12/12/16,09:38:06,112.570000000,200
US2.AAPL,0,12/12/16,09:38:07,112.590000000,100
US2.AAPL,0,12/12/16,09:38:07,112.590000000,100
US2.AAPL,0,12/12/16,09:38:08,112.590000000,100
US2.AAPL,0,12/12/16,09:38:08,112.590000000,100
US2.AAPL,0,12/12/16,09:38:08,112.580000000,100
US2.AAPL,0,12/12/16,09:38:08,112.580000000,100
US2.AAPL,0,12/12/16,09:38:08,112.590000000,200
US2.AAPL,0,12/12/16,09:38:08,112.590000000,100
US2.AAPL,0,12/12/16,09:38:08,112.590000000,100
US2.AAPL,0,12/12/16,09:38:09,112.600000000,100
US2.AAPL,0,12/12/16,09:38:09,112.600000000,100
US2.AAPL,0,12/12/16,09:38:09,112.620000000,100
US2.AAPL,0,12/12/16,09:38:09,112.630000000,100
US2.AAPL,0,12/12/16,09:38:09,112.630000000,100
US2.AAPL,0,12/12/16,09:38:10,112.650000000,100
US2.AAPL,0,12/12/16,09:38:10,112.650000000,100
US2.AAPL,0,12/12/16,09:38:10,112.650000000,100
US2.AAPL,0,12/12/16,09:38:10,112.650000000,100
US2.AAPL,0,12/12/16,09:38:10,112.660000000,100
US2.AAPL,0,12/12/16,09:38:11,112.650000000,100
US2.AAPL,0,12/12/16,09:38:11,112.650000000,100
US2.AAPL,0,12/12/16,09:38:12,112.670000000,100
US2.AAPL,0,12/12/16,09:38:12,112.670000000,100
US2.AAPL,0,12/12/16,09:38:12,112.670000000,100
US2.AAPL,0,12/12/16,09:38:13,112.660000000,100
US2.AAPL,0,12/12/16,09:38:13,112.650000000,280
US2.AAPL,0,12/12/16,09:38:13,112.650000000,100
US2.AAPL,0,12/12/16,09:38:13,112.650000000,100
US2.AAPL,0,12/12/16,09:38:13,112.650000000,100
US2.AAPL,0,12/12/16,09:38:13,112.650000000,100
US2.AAPL,0,12/12/16,09:38:13,112.650000000,1000
US2.AAPL,0,12/12/16,09:38:13,112.660000000,100
US2.AAPL,0,12/12/16,09:38:13,112.660000000,100
US2.AAPL,0,12/12/16,09:38:13,112.660000000,100
US2.AAPL,0,12/12/16,09:38:16,112.660000000,100
US2.AAPL,0,12/12/16,09:38:16,112.660000000,100
US2.AAPL,0,12/12/16,09:38:18,112.700000000,100
US2.AAPL,0,12/12/16,09:38:18,112.700000000,100
US2.AAPL,0,12/12/16,09:38:18,112.720000000,100
US2.AAPL,0,12/12/16,09:38:18,112.720000000,200
US2.AAPL,0,12/12/16,09:38:18,112.720000000,100
US2.AAPL,0,12/12/16,09:38:18,112.720000000,100
US2.AAPL,0,12/12/16,09:38:20,112.720000000,100
US2.AAPL,0,12/12/16,09:38:20,112.710000000,100
US2.AAPL,0,12/12/16,09:38:21,112.720000000,100
US2.AAPL,0,12/12/16,09:38:21,112.720000000,100
US2.AAPL,0,12/12/16,09:38:23,112.730000000,100
US2.AAPL,0,12/12/16,09:38:23,112.730000000,100
US2.AAPL,0,12/12/16,09:38:23,112.730000000,100
US2.AAPL,0,12/12/16,09:38:23,112.730000000,100
US2.AAPL,0,12/12/16,09:38:23,112.730000000,100
US2.AAPL,0,12/12/16,09:38:23,112.730000000,100
US2.AAPL,0,12/12/16,09:38:23,112.730000000,100
US2.AAPL,0,12/12/16,09:38:23,112.730000000,100
US2.AAPL,0,12/12/16,09:38:23,112.730000000,100
US2.AAPL,0,12/12/16,09:38:25,112.720000000,200
US2.AAPL,0,12/12/16,09:38:25,112.720000000,100
US2.AAPL,0,12/12/16,09:38:25,112.710000000,100
US2.AAPL,0,12/12/16,09:38:26,112.710000000,100
US2.AAPL,0,12/12/16,09:38:26,112.710000000,100
US2.AAPL,0,12/12/16,09:38:26,112.710000000,100
US2.AAPL,0,12/12/16,09:38:26,112.710000000,100
US2.AAPL,0,12/12/16,09:38:29,112.720000000,200
US2.AAPL,0,12/12/16,09:38:29,112.730000000,100
US2.AAPL,0,12/12/16,09:38:29,112.730000000,100
US2.AAPL,0,12/12/16,09:38:29,112.720000000,199
US2.AAPL,0,12/12/16,09:38:29,112.710000000,100
US2.AAPL,0,12/12/16,09:38:31,112.690000000,100
US2.AAPL,0,12/12/16,09:38:31,112.690000000,100
US2.AAPL,0,12/12/16,09:38:31,112.690000000,100
US2.AAPL,0,12/12/16,09:38:31,112.680000000,100
US2.AAPL,0,12/12/16,09:38:31,112.680000000,100
US2.AAPL,0,12/12/16,09:38:31,112.680000000,100
US2.AAPL,0,12/12/16,09:38:31,112.680000000,300
US2.AAPL,0,12/12/16,09:38:31,112.670000000,100
US2.AAPL,0,12/12/16,09:38:31,112.670000000,100
US2.AAPL,0,12/12/16,09:38:31,112.670000000,100
US2.AAPL,0,12/12/16,09:38:31,112.670000000,100
US2.AAPL,0,12/12/16,09:38:31,112.660000000,100
US2.AAPL,0,12/12/16,09:38:31,112.660000000,300
US2.AAPL,0,12/12/16,09:38:31,112.650000000,100
US2.AAPL,0,12/12/16,09:38:31,112.650000000,100
US2.AAPL,0,12/12/16,09:38:31,112.650000000,100
US2.AAPL,0,12/12/16,09:38:31,112.640000000,100
US2.AAPL,0,12/12/16,09:38:31,112.660000000,100
US2.AAPL,0,12/12/16,09:38:31,112.660000000,100
US2.AAPL,0,12/12/16,09:38:31,112.660000000,100
US2.AAPL,0,12/12/16,09:38:31,112.660000000,100
US2.AAPL,0,12/12/16,09:38:32,112.660000000,200
US2.AAPL,0,12/12/16,09:38:32,112.660000000,100
US2.AAPL,0,12/12/16,09:38:32,112.650000000,200
US2.AAPL,0,12/12/16,09:38:32,112.650000000,100
US2.AAPL,0,12/12/16,09:38:32,112.650000000,100
US2.AAPL,0,12/12/16,09:38:32,112.640000000,100
US2.AAPL,0,12/12/16,09:38:32,112.640000000,100
US2.AAPL,0,12/12/16,09:38:32,112.640000000,100
US2.AAPL,0,12/12/16,09:38:32,112.660000000,100
US2.AAPL,0,12/12/16,09:38:32,112.680000000,100
US2.AAPL,0,12/12/16,09:38:32,112.680000000,100
US2.AAPL,0,12/12/16,09:38:33,112.660000000,110
US2.AAPL,0,12/12/16,09:38:33,112.650000000,100
US2.AAPL,0,12/12/16,09:38:33,112.650000000,100
US2.AAPL,0,12/12/16,09:38:33,112.650000000,100
US2.AAPL,0,12/12/16,09:38:36,112.640000000,100
US2.AAPL,0,12/12/16,09:38:38,112.640000000,100
US2.AAPL,0,12/12/16,09:38:38,112.640000000,300
US2.AAPL,0,12/12/16,09:38:40,112.670000000,200
US2.AAPL,0,12/12/16,09:38:40,112.670000000,100
US2.AAPL,0,12/12/16,09:38:40,112.670000000,100
US2.AAPL,0,12/12/16,09:38:41,112.690000000,100
US2.AAPL,0,12/12/16,09:38:41,112.700000000,100
US2.AAPL,0,12/12/16,09:38:41,112.700000000,100
US2.AAPL,0,12/12/16,09:38:45,112.690000000,100
US2.AAPL,0,12/12/16,09:38:45,112.700000000,100
US2.AAPL,0,12/12/16,09:38:46,112.725000000,100
US2.AAPL,0,12/12/16,09:38:46,112.720000000,200
US2.AAPL,0,12/12/16,09:38:46,112.720000000,100
US2.AAPL,0,12/12/16,09:38:46,112.710000000,100
US2.AAPL,0,12/12/16,09:38:46,112.700000000,100
US2.AAPL,0,12/12/16,09:38:46,112.700000000,100
US2.AAPL,0,12/12/16,09:38:46,112.690000000,200
US2.AAPL,0,12/12/16,09:38:46,112.690000000,100
US2.AAPL,0,12/12/16,09:38:46,112.690000000,100
US2.AAPL,0,12/12/16,09:38:46,112.690000000,100
US2.AAPL,0,12/12/16,09:38:46,112.680000000,200
US2.AAPL,0,12/12/16,09:38:46,112.680000000,100
US2.AAPL,0,12/12/16,09:38:46,112.670000000,100
US2.AAPL,0,12/12/16,09:38:46,112.660000000,100
US2.AAPL,0,12/12/16,09:38:46,112.650000000,100
US2.AAPL,0,12/12/16,09:38:46,112.650000000,100
US2.AAPL,0,12/12/16,09:38:46,112.650000000,600
US2.AAPL,0,12/12/16,09:38:46,112.680000000,100
US2.AAPL,0,12/12/16,09:38:46,112.650000000,100
US2.AAPL,0,12/12/16,09:38:46,112.660000000,100
US2.AAPL,0,12/12/16,09:38:46,112.650000000,100
US2.AAPL,0,12/12/16,09:38:46,112.650000000,100
US2.AAPL,0,12/12/16,09:38:46,112.650000000,100
US2.AAPL,0,12/12/16,09:38:46,112.650000000,100
US2.AAPL,0,12/12/16,09:38:46,112.660000000,100
US2.AAPL,0,12/12/16,09:38:46,112.670000000,100
US2.AAPL,0,12/12/16,09:38:48,112.700000000,100
US2.AAPL,0,12/12/16,09:38:48,112.700000000,100
US2.AAPL,0,12/12/16,09:38:48,112.700000000,100
US2.AAPL,0,12/12/16,09:38:48,112.710000000,100
US2.AAPL,0,12/12/16,09:38:48,112.710000000,100
US2.AAPL,0,12/12/16,09:38:48,112.710000000,100
US2.AAPL,0,12/12/16,09:38:49,112.690000000,100
US2.AAPL,0,12/12/16,09:38:49,112.690000000,100
US2.AAPL,0,12/12/16,09:38:52,112.680000000,200
US2.AAPL,0,12/12/16,09:38:52,112.700000000,100
US2.AAPL,0,12/12/16,09:38:54,112.710000000,200
US2.AAPL,0,12/12/16,09:38:56,112.710000000,100
US2.AAPL,0,12/12/16,09:38:57,112.700000000,100
US2.AAPL,0,12/12/16,09:38:57,112.710000000,100
US2.AAPL,0,12/12/16,09:38:58,112.700000000,100
US2.AAPL,0,12/12/16,09:38:58,112.700000000,100
US2.AAPL,0,12/12/16,09:38:58,112.700000000,100
US2.AAPL,0,12/12/16,09:38:58,112.700000000,100
US2.AAPL,0,12/12/16,09:38:58,112.700000000,100
US2.AAPL,0,12/12/16,09:38:58,112.700000000,100
US2.AAPL,0,12/12/16,09:38:58,112.710000000,160
US2.AAPL,0,12/12/16,09:38:59,112.710000000,100
US2.AAPL,0,12/12/16,09:38:59,112.710000000,100
US2.AAPL,0,12/12/16,09:39:01,112.720000000,100
US2.AAPL,0,12/12/16,09:39:01,112.740000000,100
US2.AAPL,0,12/12/16,09:39:02,112.770000000,200
US2.AAPL,0,12/12/16,09:39:02,112.780000000,100
US2.AAPL,0,12/12/16,09:39:02,112.780000000,100
US2.AAPL,0,12/12/16,09:39:03,112.790000000,100
US2.AAPL,0,12/12/16,09:39:06,112.780000000,100
US2.AAPL,0,12/12/16,09:39:08,112.790000000,100
US2.AAPL,0,12/12/16,09:39:10,112.780000000,125
US2.AAPL,0,12/12/16,09:39:10,112.780000000,100
US2.AAPL,0,12/12/16,09:39:12,112.780000000,100
US2.AAPL,0,12/12/16,09:39:17,112.800000000,219
US2.AAPL,0,12/12/16,09:39:17,112.810000000,100
US2.AAPL,0,12/12/16,09:39:18,112.810000000,115
US2.AAPL,0,12/12/16,09:39:19,112.790000000,100
US2.AAPL,0,12/12/16,09:39:21,112.800000000,200
US2.AAPL,0,12/12/16,09:39:21,112.810000000,100
US2.AAPL,0,12/12/16,09:39:22,112.820000000,100
US2.AAPL,0,12/12/16,09:39:22,112.820000000,100
US2.AAPL,0,12/12/16,09:39:25,112.820000000,100
US2.AAPL,0,12/12/16,09:39:25,112.820000000,100
US2.AAPL,0,12/12/16,09:39:25,112.820000000,100
US2.AAPL,0,12/12/16,09:39:25,112.820000000,100
US2.AAPL,0,12/12/16,09:39:25,112.800000000,100
US2.AAPL,0,12/12/16,09:39:28,112.820000000,100
US2.AAPL,0,12/12/16,09:39:28,112.820000000,100
US2.AAPL,0,12/12/16,09:39:28,112.830000000,100
US2.AAPL,0,12/12/16,09:39:28,112.830000000,100
US2.AAPL,0,12/12/16,09:39:29,112.820000000,400
US2.AAPL,0,12/12/16,09:39:29,112.820000000,100
US2.AAPL,0,12/12/16,09:39:29,112.820000000,100
US2.AAPL,0,12/12/16,09:39:30,112.820000000,100
US2.AAPL,0,12/12/16,09:39:30,112.820000000,100
US2.AAPL,0,12/12/16,09:39:31,112.820000000,200
US2.AAPL,0,12/12/16,09:39:31,112.830000000,100
US2.AAPL,0,12/12/16,09:39:31,112.860000000,200
US2.AAPL,0,12/12/16,09:39:31,112.860000000,100
US2.AAPL,0,12/12/16,09:39:32,112.860000000,100
US2.AAPL,0,12/12/16,09:39:32,112.860000000,100
US2.AAPL,0,12/12/16,09:39:32,112.860000000,100
US2.AAPL,0,12/12/16,09:39:32,112.860000000,100
US2.AAPL,0,12/12/16,09:39:32,112.860000000,100
US2.AAPL,0,12/12/16,09:39:32,112.860000000,100
US2.AAPL,0,12/12/16,09:39:32,112.850000000,100
US2.AAPL,0,12/12/16,09:39:32,112.850000000,100
US2.AAPL,0,12/12/16,09:39:33,112.850000000,100
US2.AAPL,0,12/12/16,09:39:33,112.850000000,400
US2.AAPL,0,12/12/16,09:39:33,112.850000000,200
US2.AAPL,0,12/12/16,09:39:38,112.830000000,345
US2.AAPL,0,12/12/16,09:39:38,112.820000000,100
US2.AAPL,0,12/12/16,09:39:38,112.820000000,100
US2.AAPL,0,12/12/16,09:39:38,112.820000000,100
US2.AAPL,0,12/12/16,09:39:38,112.820000000,100
US2.AAPL,0,12/12/16,09:39:38,112.820000000,100
US2.AAPL,0,12/12/16,09:39:38,112.820000000,100
US2.AAPL,0,12/12/16,09:39:40,112.820000000,100
US2.AAPL,0,12/12/16,09:39:41,112.820000000,100
US2.AAPL,0,12/12/16,09:39:41,112.820000000,100
US2.AAPL,0,12/12/16,09:39:41,112.830000000,100
US2.AAPL,0,12/12/16,09:39:41,112.830000000,100
US2.AAPL,0,12/12/16,09:39:41,112.830000000,100
US2.AAPL,0,12/12/16,09:39:43,112.830000000,199
US2.AAPL,0,12/12/16,09:39:43,112.830000000,200
US2.AAPL,0,12/12/16,09:39:46,112.830000000,100
US2.AAPL,0,12/12/16,09:39:47,112.840000000,100
US2.AAPL,0,12/12/16,09:39:47,112.840000000,100
US2.AAPL,0,12/12/16,09:39:47,112.840000000,100
US2.AAPL,0,12/12/16,09:39:48,112.840000000,100
US2.AAPL,0,12/12/16,09:39:50,112.850000000,100
US2.AAPL,0,12/12/16,09:39:50,112.850000000,100
US2.AAPL,0,12/12/16,09:39:50,112.850000000,100
US2.AAPL,0,12/12/16,09:39:51,112.860000000,100
US2.AAPL,0,12/12/16,09:39:51,112.860000000,100
US2.AAPL,0,12/12/16,09:39:51,112.870000000,120
US2.AAPL,0,12/12/16,09:39:53,112.870000000,200
US2.AAPL,0,12/12/16,09:39:53,112.850000000,100
US2.AAPL,0,12/12/16,09:39:53,112.850000000,100
US2.AAPL,0,12/12/16,09:39:53,112.840000000,100
US2.AAPL,0,12/12/16,09:39:53,112.840000000,100
US2.AAPL,0,12/12/16,09:39:53,112.840000000,100
US2.AAPL,0,12/12/16,09:39:53,112.840000000,100
US2.AAPL,0,12/12/16,09:39:53,112.840000000,100
US2.AAPL,0,12/12/16,09:39:53,112.840000000,400
US2.AAPL,0,12/12/16,09:39:53,112.840000000,100
US2.AAPL,0,12/12/16,09:39:53,112.840000000,100
US2.AAPL,0,12/12/16,09:39:53,112.840000000,100
US2.AAPL,0,12/12/16,09:39:53,112.840000000,100
US2.AAPL,0,12/12/16,09:39:53,112.850000000,100
US2.AAPL,0,12/12/16,09:39:55,112.870000000,100
US2.AAPL,0,12/12/16,09:39:55,112.870000000,100
US2.AAPL,0,12/12/16,09:39:55,112.850000000,100
US2.AAPL,0,12/12/16,09:39:55,112.850000000,100
US2.AAPL,0,12/12/16,09:39:55,112.850000000,200
US2.AAPL,0,12/12/16,09:39:55,112.850000000,100
US2.AAPL,0,12/12/16,09:39:56,112.840000000,192
US2.AAPL,0,12/12/16,09:39:56,112.840000000,100
US2.AAPL,0,12/12/16,09:40:02,112.850000000,200
US2.AAPL,0,12/12/16,09:40:02,112.850000000,300
US2.AAPL,0,12/12/16,09:40:03,112.870000000,100
US2.AAPL,0,12/12/16,09:40:03,112.870000000,100
US2.AAPL,0,12/12/16,09:40:03,112.870000000,100
US2.AAPL,0,12/12/16,09:40:03,112.860000000,100
US2.AAPL,0,12/12/16,09:40:03,112.860000000,100
US2.AAPL,0,12/12/16,09:40:03,112.860000000,100
US2.AAPL,0,12/12/16,09:40:03,112.850000000,100
US2.AAPL,0,12/12/16,09:40:03,112.850000000,100
US2.AAPL,0,12/12/16,09:40:06,112.860000000,100
US2.AAPL,0,12/12/16,09:40:06,112.870000000,100
US2.AAPL,0,12/12/16,09:40:06,112.870000000,100
US2.AAPL,0,12/12/16,09:40:06,112.870000000,100
US2.AAPL,0,12/12/16,09:40:07,112.880000000,100
US2.AAPL,0,12/12/16,09:40:09,112.870000000,100
US2.AAPL,0,12/12/16,09:40:09,112.860000000,100
US2.AAPL,0,12/12/16,09:40:09,112.860000000,100
US2.AAPL,0,12/12/16,09:40:09,112.860000000,100
US2.AAPL,0,12/12/16,09:40:10,112.870000000,100
US2.AAPL,0,12/12/16,09:40:10,112.870000000,100
US2.AAPL,0,12/12/16,09:40:10,112.870000000,100
US2.AAPL,0,12/12/16,09:40:11,112.860000000,100
US2.AAPL,0,12/12/16,09:40:11,112.860000000,100
US2.AAPL,0,12/12/16,09:40:12,112.860000000,300
US2.AAPL,0,12/12/16,09:40:14,112.850000000,133
US2.AAPL,0,12/12/16,09:40:14,112.850000000,200
US2.AAPL,0,12/12/16,09:40:14,112.850000000,100
US2.AAPL,0,12/12/16,09:40:15,112.820000000,100
US2.AAPL,0,12/12/16,09:40:18,112.820000000,100
US2.AAPL,0,12/12/16,09:40:19,112.810000000,100
US2.AAPL,0,12/12/16,09:40:19,112.810000000,100
US2.AAPL,0,12/12/16,09:40:19,112.800000000,300
US2.AAPL,0,12/12/16,09:40:19,112.780000000,100
US2.AAPL,0,12/12/16,09:40:19,112.770000000,100
US2.AAPL,0,12/12/16,09:40:19,112.780000000,100
US2.AAPL,0,12/12/16,09:40:19,112.780000000,100
US2.AAPL,0,12/12/16,09:40:20,112.780000000,100
US2.AAPL,0,12/12/16,09:40:20,112.780000000,100
US2.AAPL,0,12/12/16,09:40:23,112.790000000,100
US2.AAPL,0,12/12/16,09:40:23,112.780000000,100
US2.AAPL,0,12/12/16,09:40:25,112.770000000,151
US2.AAPL,0,12/12/16,09:40:27,112.760000000,100
US2.AAPL,0,12/12/16,09:40:27,112.760000000,100
US2.AAPL,0,12/12/16,09:40:32,112.770000000,100
US2.AAPL,0,12/12/16,09:40:32,112.770000000,303
US2.AAPL,0,12/12/16,09:40:32,112.770000000,100
US2.AAPL,0,12/12/16,09:40:32,112.770000000,200
US2.AAPL,0,12/12/16,09:40:32,112.770000000,100
US2.AAPL,0,12/12/16,09:40:32,112.770000000,197
US2.AAPL,0,12/12/16,09:40:32,112.770000000,100
US2.AAPL,0,12/12/16,09:40:32,112.770000000,100
US2.AAPL,0,12/12/16,09:40:32,112.770000000,100
US2.AAPL,0,12/12/16,09:40:32,112.770000000,197
US2.AAPL,0,12/12/16,09:40:32,112.770000000,100
US2.AAPL,0,12/12/16,09:40:39,112.740000000,100
US2.AAPL,0,12/12/16,09:40:39,112.740000000,100
US2.AAPL,0,12/12/16,09:40:40,112.760000000,300
US2.AAPL,0,12/12/16,09:40:40,112.760000000,100
US2.AAPL,0,12/12/16,09:40:40,112.770000000,100
US2.AAPL,0,12/12/16,09:40:40,112.770000000,100
US2.AAPL,0,12/12/16,09:40:40,112.780000000,100
US2.AAPL,0,12/12/16,09:40:40,112.780000000,100
US2.AAPL,0,12/12/16,09:40:40,112.780000000,100
US2.AAPL,0,12/12/16,09:40:40,112.770000000,100
US2.AAPL,0,12/12/16,09:40:41,112.770000000,100
US2.AAPL,0,12/12/16,09:40:41,112.770000000,100
US2.AAPL,0,12/12/16,09:40:47,112.770000000,100
US2.AAPL,0,12/12/16,09:40:47,112.770000000,100
US2.AAPL,0,12/12/16,09:40:47,112.770000000,100
US2.AAPL,0,12/12/16,09:40:48,112.780000000,100
US2.AAPL,0,12/12/16,09:40:48,112.780000000,100
US2.AAPL,0,12/12/16,09:40:48,112.800000000,100
US2.AAPL,0,12/12/16,09:40:48,112.800000000,100
US2.AAPL,0,12/12/16,09:40:49,112.810000000,100
US2.AAPL,0,12/12/16,09:40:49,112.830000000,100
US2.AAPL,0,12/12/16,09:40:49,112.820000000,100
US2.AAPL,0,12/12/16,09:40:49,112.820000000,100
US2.AAPL,0,12/12/16,09:40:49,112.840000000,100
US2.AAPL,0,12/12/16,09:40:49,112.830000000,400
US2.AAPL,0,12/12/16,09:40:49,112.820000000,400
US2.AAPL,0,12/12/16,09:40:49,112.810000000,400
US2.AAPL,0,12/12/16,09:40:49,112.810000000,100
US2.AAPL,0,12/12/16,09:40:55,112.800000000,100
US2.AAPL,0,12/12/16,09:40:56,112.800000000,100
US2.AAPL,0,12/12/16,09:40:58,112.800000000,100
US2.AAPL,0,12/12/16,09:40:59,112.800000000,100
US2.AAPL,0,12/12/16,09:41:01,112.810000000,150
US2.AAPL,0,12/12/16,09:41:02,112.810000000,100
US2.AAPL,0,12/12/16,09:41:02,112.810000000,100
US2.AAPL,0,12/12/16,09:41:02,112.820000000,200
US2.AAPL,0,12/12/16,09:41:02,112.820000000,100
US2.AAPL,0,12/12/16,09:41:02,112.830000000,200
US2.AAPL,0,12/12/16,09:41:02,112.830000000,100
US2.AAPL,0,12/12/16,09:41:02,112.830000000,100
US2.AAPL,0,12/12/16,09:41:02,112.840000000,100
US2.AAPL,0,12/12/16,09:41:02,112.840000000,300
US2.AAPL,0,12/12/16,09:41:02,112.840000000,100
US2.AAPL,0,12/12/16,09:41:02,112.840000000,100
US2.AAPL,0,12/12/16,09:41:04,112.830000000,100
US2.AAPL,0,12/12/16,09:41:04,112.830000000,300
US2.AAPL,0,12/12/16,09:41:05,112.820000000,100
US2.AAPL,0,12/12/16,09:41:06,112.830000000,100
US2.AAPL,0,12/12/16,09:41:06,112.830000000,100
US2.AAPL,0,12/12/16,09:41:06,112.830000000,100
US2.AAPL,0,12/12/16,09:41:06,112.830000000,100
US2.AAPL,0,12/12/16,09:41:09,112.830000000,100
US2.AAPL,0,12/12/16,09:41:09,112.830000000,100
US2.AAPL,0,12/12/16,09:41:09,112.840000000,100
US2.AAPL,0,12/12/16,09:41:09,112.840000000,100
US2.AAPL,0,12/12/16,09:41:10,112.840000000,100
US2.AAPL,0,12/12/16,09:41:10,112.840000000,100
US2.AAPL,0,12/12/16,09:41:10,112.840000000,100
US2.AAPL,0,12/12/16,09:41:10,112.840000000,100
US2.AAPL,0,12/12/16,09:41:10,112.840000000,100
US2.AAPL,0,12/12/16,09:41:13,112.840000000,100
US2.AAPL,0,12/12/16,09:41:13,112.840000000,100
US2.AAPL,0,12/12/16,09:41:13,112.830000000,100
US2.AAPL,0,12/12/16,09:41:16,112.830000000,100
US2.AAPL,0,12/12/16,09:41:16,112.830000000,100
US2.AAPL,0,12/12/16,09:41:16,112.830000000,100
US2.AAPL,0,12/12/16,09:41:18,112.840000000,100
US2.AAPL,0,12/12/16,09:41:18,112.840000000,100
US2.AAPL,0,12/12/16,09:41:18,112.840000000,100
US2.AAPL,0,12/12/16,09:41:18,112.840000000,100
US2.AAPL,0,12/12/16,09:41:21,112.810000000,100
US2.AAPL,0,12/12/16,09:41:21,112.810000000,100
US2.AAPL,0,12/12/16,09:41:21,112.800000000,100
US2.AAPL,0,12/12/16,09:41:23,112.800000000,100
US2.AAPL,0,12/12/16,09:41:25,112.790000000,100
US2.AAPL,0,12/12/16,09:41:26,112.800000000,100
US2.AAPL,0,12/12/16,09:41:28,112.810000000,100
US2.AAPL,0,12/12/16,09:41:28,112.810000000,100
US2.AAPL,0,12/12/16,09:41:28,112.800000000,100
US2.AAPL,0,12/12/16,09:41:28,112.800000000,100
US2.AAPL,0,12/12/16,09:41:28,112.810000000,100
US2.AAPL,0,12/12/16,09:41:28,112.810000000,100
US2.AAPL,0,12/12/16,09:41:28,112.810000000,100
US2.AAPL,0,12/12/16,09:41:28,112.810000000,100
US2.AAPL,0,12/12/16,09:41:28,112.820000000,100
US2.AAPL,0,12/12/16,09:41:28,112.820000000,100
US2.AAPL,0,12/12/16,09:41:28,112.820000000,100
US2.AAPL,0,12/12/16,09:41:30,112.820000000,100
US2.AAPL,0,12/12/16,09:41:30,112.820000000,100
US2.AAPL,0,12/12/16,09:41:30,112.820000000,100
US2.AAPL,0,12/12/16,09:41:30,112.820000000,100
US2.AAPL,0,12/12/16,09:41:30,112.820000000,100
US2.AAPL,0,12/12/16,09:41:30,112.820000000,100
US2.AAPL,0,12/12/16,09:41:31,112.830000000,100
US2.AAPL,0,12/12/16,09:41:31,112.830000000,100
US2.AAPL,0,12/12/16,09:41:32,112.830000000,100
US2.AAPL,0,12/12/16,09:41:32,112.830000000,100
US2.AAPL,0,12/12/16,09:41:32,112.820000000,100
US2.AAPL,0,12/12/16,09:41:32,112.820000000,100
US2.AAPL,0,12/12/16,09:41:35,112.820000000,200
US2.AAPL,0,12/12/16,09:41:35,112.820000000,100
US2.AAPL,0,12/12/16,09:41:35,112.820000000,100
US2.AAPL,0,12/12/16,09:41:35,112.820000000,100
US2.AAPL,0,12/12/16,09:41:36,112.830000000,100
US2.AAPL,0,12/12/16,09:41:37,112.840000000,100
US2.AAPL,0,12/12/16,09:41:37,112.840000000,100
US2.AAPL,0,12/12/16,09:41:37,112.840000000,100
US2.AAPL,0,12/12/16,09:41:38,112.850000000,300
US2.AAPL,0,12/12/16,09:41:38,112.860000000,100
US2.AAPL,0,12/12/16,09:41:38,112.860000000,100
US2.AAPL,0,12/12/16,09:41:39,112.870000000,200
US2.AAPL,0,12/12/16,09:41:39,112.880000000,100
US2.AAPL,0,12/12/16,09:41:39,112.880000000,100
US2.AAPL,0,12/12/16,09:41:39,112.880000000,100
US2.AAPL,0,12/12/16,09:41:39,112.880000000,100
US2.AAPL,0,12/12/16,09:41:42,112.900000000,100
US2.AAPL,0,12/12/16,09:41:42,112.900000000,100
US2.AAPL,0,12/12/16,09:41:43,112.900000000,200
US2.AAPL,0,12/12/16,09:41:44,112.900000000,100
US2.AAPL,0,12/12/16,09:41:44,112.900000000,100
US2.AAPL,0,12/12/16,09:41:44,112.900000000,100
US2.AAPL,0,12/12/16,09:41:44,112.900000000,100
US2.AAPL,0,12/12/16,09:41:44,112.900000000,100
US2.AAPL,0,12/12/16,09:41:44,112.890000000,300
US2.AAPL,0,12/12/16,09:41:46,112.890000000,100
US2.AAPL,0,12/12/16,09:41:46,112.890000000,100
US2.AAPL,0,12/12/16,09:41:46,112.880000000,100
US2.AAPL,0,12/12/16,09:41:46,112.880000000,100
US2.AAPL,0,12/12/16,09:41:51,112.870000000,100
US2.AAPL,0,12/12/16,09:41:52,112.850000000,100
US2.AAPL,0,12/12/16,09:41:52,112.850000000,100
US2.AAPL,0,12/12/16,09:41:52,112.840000000,100
US2.AAPL,0,12/12/16,09:41:52,112.840000000,100
US2.AAPL,0,12/12/16,09:41:55,112.850000000,100
US2.AAPL,0,12/12/16,09:41:55,112.840000000,100
US2.AAPL,0,12/12/16,09:41:56,112.840000000,100
US2.AAPL,0,12/12/16,09:41:56,112.840000000,100
US2.AAPL,0,12/12/16,09:41:56,112.840000000,100
US2.AAPL,0,12/12/16,09:41:56,112.840000000,100
US2.AAPL,0,12/12/16,09:41:57,112.850000000,200
US2.AAPL,0,12/12/16,09:41:57,112.850000000,100
US2.AAPL,0,12/12/16,09:41:57,112.850000000,200
US2.AAPL,0,12/12/16,09:41:57,112.850000000,200
US2.AAPL,0,12/12/16,09:41:57,112.850000000,100
US2.AAPL,0,12/12/16,09:41:57,112.850000000,100
US2.AAPL,0,12/12/16,09:41:57,112.850000000,100
US2.AAPL,0,12/12/16,09:41:58,112.850000000,100
US2.AAPL,0,12/12/16,09:41:58,112.850000000,100
US2.AAPL,0,12/12/16,09:41:58,112.850000000,100
US2.AAPL,0,12/12/16,09:41:59,112.860000000,100
US2.AAPL,0,12/12/16,09:41:59,112.860000000,100
US2.AAPL,0,12/12/16,09:42:02,112.870000000,100
US2.AAPL,0,12/12/16,09:42:02,112.860000000,100
US2.AAPL,0,12/12/16,09:42:02,112.850000000,100
US2.AAPL,0,12/12/16,09:42:03,112.840000000,100
US2.AAPL,0,12/12/16,09:42:03,112.830000000,100
US2.AAPL,0,12/12/16,09:42:04,112.860000000,100
US2.AAPL,0,12/12/16,09:42:04,112.860000000,100
US2.AAPL,0,12/12/16,09:42:04,112.860000000,100
US2.AAPL,0,12/12/16,09:42:04,112.860000000,100
US2.AAPL,0,12/12/16,09:42:04,112.860000000,100
US2.AAPL,0,12/12/16,09:42:05,112.840000000,100
US2.AAPL,0,12/12/16,09:42:05,112.850000000,100
US2.AAPL,0,12/12/16,09:42:05,112.850000000,100
US2.AAPL,0,12/12/16,09:42:05,112.860000000,100
US2.AAPL,0,12/12/16,09:42:12,112.850000000,100
US2.AAPL,0,12/12/16,09:42:12,112.850000000,100
US2.AAPL,0,12/12/16,09:42:12,112.850000000,100
US2.AAPL,0,12/12/16,09:42:14,112.860000000,100
US2.AAPL,0,12/12/16,09:42:14,112.860000000,100
US2.AAPL,0,12/12/16,09:42:14,112.860000000,100
US2.AAPL,0,12/12/16,09:42:15,112.860000000,100
US2.AAPL,0,12/12/16,09:42:15,112.860000000,100
US2.AAPL,0,12/12/16,09:42:15,112.860000000,100
US2.AAPL,0,12/12/16,09:42:15,112.860000000,100
US2.AAPL,0,12/12/16,09:42:15,112.860000000,100
US2.AAPL,0,12/12/16,09:42:15,112.860000000,100
US2.AAPL,0,12/12/16,09:42:15,112.860000000,100
US2.AAPL,0,12/12/16,09:42:15,112.860000000,100
US2.AAPL,0,12/12/16,09:42:15,112.850000000,100
US2.AAPL,0,12/12/16,09:42:15,112.850000000,100
US2.AAPL,0,12/12/16,09:42:15,112.850000000,100
US2.AAPL,0,12/12/16,09:42:15,112.850000000,100
US2.AAPL,0,12/12/16,09:42:15,112.850000000,100
US2.AAPL,0,12/12/16,09:42:15,112.840000000,100
US2.AAPL,0,12/12/16,09:42:15,112.840000000,100
US2.AAPL,0,12/12/16,09:42:17,112.850000000,100
US2.AAPL,0,12/12/16,09:42:17,112.850000000,100
US2.AAPL,0,12/12/16,09:42:20,112.860000000,100
US2.AAPL,0,12/12/16,09:42:26,112.870000000,200
US2.AAPL,0,12/12/16,09:42:26,112.870000000,100
US2.AAPL,0,12/12/16,09:42:29,112.880000000,100
US2.AAPL,0,12/12/16,09:42:33,112.870000000,100
US2.AAPL,0,12/12/16,09:42:33,112.870000000,200
US2.AAPL,0,12/12/16,09:42:33,112.870000000,100
US2.AAPL,0,12/12/16,09:42:34,112.870000000,100
US2.AAPL,0,12/12/16,09:42:34,112.870000000,200
US2.AAPL,0,12/12/16,09:42:35,112.870000000,200
US2.AAPL,0,12/12/16,09:42:35,112.850000000,100
US2.AAPL,0,12/12/16,09:42:35,112.850000000,242
US2.AAPL,0,12/12/16,09:42:35,112.850000000,100
US2.AAPL,0,12/12/16,09:42:35,112.850000000,100
US2.AAPL,0,12/12/16,09:42:35,112.850000000,100
US2.AAPL,0,12/12/16,09:42:36,112.850000000,100
US2.AAPL,0,12/12/16,09:42:36,112.850000000,100
US2.AAPL,0,12/12/16,09:42:36,112.850000000,100
US2.AAPL,0,12/12/16,09:42:36,112.850000000,100
US2.AAPL,0,12/12/16,09:42:38,112.850000000,100
US2.AAPL,0,12/12/16,09:42:38,112.850000000,100
US2.AAPL,0,12/12/16,09:42:38,112.850000000,100
US2.AAPL,0,12/12/16,09:42:38,112.850000000,100
US2.AAPL,0,12/12/16,09:42:38,112.860000000,100
US2.AAPL,0,12/12/16,09:42:38,112.860000000,100
US2.AAPL,0,12/12/16,09:42:38,112.860000000,100
US2.AAPL,0,12/12/16,09:42:39,112.875000000,100
US2.AAPL,0,12/12/16,09:42:39,112.880000000,100
US2.AAPL,0,12/12/16,09:42:39,112.870000000,200
US2.AAPL,0,12/12/16,09:42:40,112.860000000,100
US2.AAPL,0,12/12/16,09:42:40,112.860000000,181
US2.AAPL,0,12/12/16,09:42:40,112.860000000,100
US2.AAPL,0,12/12/16,09:42:40,112.860000000,100
US2.AAPL,0,12/12/16,09:42:40,112.860000000,100
US2.AAPL,0,12/12/16,09:42:41,112.860000000,100
US2.AAPL,0,12/12/16,09:42:41,112.860000000,100
US2.AAPL,0,12/12/16,09:42:44,112.870000000,200
US2.AAPL,0,12/12/16,09:42:45,112.880000000,100
US2.AAPL,0,12/12/16,09:42:45,112.880000000,100
US2.AAPL,0,12/12/16,09:42:47,112.880000000,100
US2.AAPL,0,12/12/16,09:42:47,112.880000000,100
US2.AAPL,0,12/12/16,09:42:48,112.890000000,100
US2.AAPL,0,12/12/16,09:42:49,112.880000000,100
US2.AAPL,0,12/12/16,09:42:49,112.880000000,190
US2.AAPL,0,12/12/16,09:42:49,112.880000000,100
US2.AAPL,0,12/12/16,09:42:53,112.880000000,290
US2.AAPL,0,12/12/16,09:42:53,112.880000000,100
US2.AAPL,0,12/12/16,09:42:55,112.890000000,100
US2.AAPL,0,12/12/16,09:42:55,112.910000000,200
US2.AAPL,0,12/12/16,09:42:56,112.920000000,100
US2.AAPL,0,12/12/16,09:42:56,112.920000000,100
US2.AAPL,0,12/12/16,09:42:57,112.920000000,100
US2.AAPL,0,12/12/16,09:42:57,112.920000000,100
US2.AAPL,0,12/12/16,09:42:57,112.920000000,100
US2.AAPL,0,12/12/16,09:42:57,112.920000000,100
US2.AAPL,0,12/12/16,09:42:57,112.910000000,100
US2.AAPL,0,12/12/16,09:43:00,112.910000000,100
US2.AAPL,0,12/12/16,09:43:00,112.910000000,100
US2.AAPL,0,12/12/16,09:43:01,112.900000000,100
US2.AAPL,0,12/12/16,09:43:02,112.880000000,100
US2.AAPL,0,12/12/16,09:43:02,112.870000000,100
US2.AAPL,0,12/12/16,09:43:02,112.870000000,100
US2.AAPL,0,12/12/16,09:43:03,112.880000000,100
US2.AAPL,0,12/12/16,09:43:04,112.880000000,100
US2.AAPL,0,12/12/16,09:43:04,112.880000000,100
US2.AAPL,0,12/12/16,09:43:04,112.880000000,100
US2.AAPL,0,12/12/16,09:43:04,112.890000000,100
US2.AAPL,0,12/12/16,09:43:04,112.890000000,100
US2.AAPL,0,12/12/16,09:43:04,112.890000000,100
US2.AAPL,0,12/12/16,09:43:04,112.890000000,100
US2.AAPL,0,12/12/16,09:43:04,112.900000000,100
US2.AAPL,0,12/12/16,09:43:04,112.910000000,400
US2.AAPL,0,12/12/16,09:43:04,112.920000000,100
US2.AAPL,0,12/12/16,09:43:04,112.920000000,100
US2.AAPL,0,12/12/16,09:43:04,112.920000000,100
US2.AAPL,0,12/12/16,09:43:04,112.920000000,100
US2.AAPL,0,12/12/16,09:43:04,112.920000000,100
US2.AAPL,0,12/12/16,09:43:04,112.910000000,100
US2.AAPL,0,12/12/16,09:43:05,112.900000000,100
US2.AAPL,0,12/12/16,09:43:05,112.900000000,100
US2.AAPL,0,12/12/16,09:43:07,112.920000000,300
US2.AAPL,0,12/12/16,09:43:08,112.910000000,100
US2.AAPL,0,12/12/16,09:43:09,112.910000000,100
US2.AAPL,0,12/12/16,09:43:09,112.900000000,100
US2.AAPL,0,12/12/16,09:43:09,112.900000000,100
US2.AAPL,0,12/12/16,09:43:09,112.900000000,100
US2.AAPL,0,12/12/16,09:43:13,112.910000000,100
US2.AAPL,0,12/12/16,09:43:13,112.910000000,100
US2.AAPL,0,12/12/16,09:43:13,112.910000000,100
US2.AAPL,0,12/12/16,09:43:13,112.905000000,100
US2.AAPL,0,12/12/16,09:43:13,112.910000000,100
US2.AAPL,0,12/12/16,09:43:13,112.900000000,100
US2.AAPL,0,12/12/16,09:43:14,112.890000000,100
US2.AAPL,0,12/12/16,09:43:16,112.910000000,100
US2.AAPL,0,12/12/16,09:43:19,112.910000000,100
US2.AAPL,0,12/12/16,09:43:19,112.910000000,100
US2.AAPL,0,12/12/16,09:43:19,112.910000000,100
US2.AAPL,0,12/12/16,09:43:19,112.910000000,100
US2.AAPL,0,12/12/16,09:43:19,112.910000000,100
US2.AAPL,0,12/12/16,09:43:19,112.910000000,100
US2.AAPL,0,12/12/16,09:43:20,112.910000000,200
US2.AAPL,0,12/12/16,09:43:22,112.910000000,100
US2.AAPL,0,12/12/16,09:43:24,112.920000000,100
US2.AAPL,0,12/12/16,09:43:24,112.920000000,100
US2.AAPL,0,12/12/16,09:43:26,112.940000000,100
US2.AAPL,0,12/12/16,09:43:27,112.930000000,200
US2.AAPL,0,12/12/16,09:43:28,112.930000000,100
US2.AAPL,0,12/12/16,09:43:28,112.930000000,100
US2.AAPL,0,12/12/16,09:43:28,112.930000000,100
US2.AAPL,0,12/12/16,09:43:28,112.920000000,100
US2.AAPL,0,12/12/16,09:43:28,112.920000000,100
US2.AAPL,0,12/12/16,09:43:31,112.930000000,100
US2.AAPL,0,12/12/16,09:43:36,112.940000000,100
US2.AAPL,0,12/12/16,09:43:38,112.940000000,100
US2.AAPL,0,12/12/16,09:43:38,112.940000000,100
US2.AAPL,0,12/12/16,09:43:38,112.950000000,100
US2.AAPL,0,12/12/16,09:43:38,112.950000000,100
US2.AAPL,0,12/12/16,09:43:41,112.950000000,100
US2.AAPL,0,12/12/16,09:43:41,112.950000000,100
US2.AAPL,0,12/12/16,09:43:42,112.970000000,100
US2.AAPL,0,12/12/16,09:43:44,112.980000000,100
US2.AAPL,0,12/12/16,09:43:44,112.980000000,100
US2.AAPL,0,12/12/16,09:43:45,112.975000000,400
US2.AAPL,0,12/12/16,09:43:45,112.970000000,100
US2.AAPL,0,12/12/16,09:43:45,112.970000000,100
US2.AAPL,0,12/12/16,09:43:45,112.970000000,100
US2.AAPL,0,12/12/16,09:43:45,112.970000000,100
US2.AAPL,0,12/12/16,09:43:45,112.970000000,100
US2.AAPL,0,12/12/16,09:43:45,112.960000000,100
US2.AAPL,0,12/12/16,09:43:46,112.960000000,100
US2.AAPL,0,12/12/16,09:43:47,112.960000000,100
US2.AAPL,0,12/12/16,09:43:47,112.970000000,100
US2.AAPL,0,12/12/16,09:43:47,112.970000000,100
US2.AAPL,0,12/12/16,09:43:47,112.970000000,100
US2.AAPL,0,12/12/16,09:43:47,112.970000000,100
US2.AAPL,0,12/12/16,09:43:48,112.980000000,100
US2.AAPL,0,12/12/16,09:43:48,112.980000000,100
US2.AAPL,0,12/12/16,09:43:48,112.980000000,100
US2.AAPL,0,12/12/16,09:43:48,112.980000000,100
US2.AAPL,0,12/12/16,09:43:48,112.980000000,100
US2.AAPL,0,12/12/16,09:43:48,112.980000000,100
US2.AAPL,0,12/12/16,09:43:49,112.990000000,100
US2.AAPL,0,12/12/16,09:43:52,112.980000000,100
US2.AAPL,0,12/12/16,09:43:52,112.985000000,200
US2.AAPL,0,12/12/16,09:43:52,112.985000000,300
US2.AAPL,0,12/12/16,09:43:52,112.980000000,200
US2.AAPL,0,12/12/16,09:43:52,112.980000000,100
US2.AAPL,0,12/12/16,09:43:52,112.980000000,100
US2.AAPL,0,12/12/16,09:43:52,112.980000000,100
US2.AAPL,0,12/12/16,09:43:53,112.980000000,119
US2.AAPL,0,12/12/16,09:43:54,112.985000000,400
US2.AAPL,0,12/12/16,09:43:54,112.980000000,166
US2.AAPL,0,12/12/16,09:43:54,112.985000000,100
US2.AAPL,0,12/12/16,09:43:54,112.990000000,100
US2.AAPL,0,12/12/16,09:43:54,112.990000000,100
US2.AAPL,0,12/12/16,09:43:54,112.990000000,100
US2.AAPL,0,12/12/16,09:43:56,113.000000000,100
US2.AAPL,0,12/12/16,09:43:56,113.010000000,100
US2.AAPL,0,12/12/16,09:43:56,113.010000000,100
US2.AAPL,0,12/12/16,09:43:56,113.010000000,100
US2.AAPL,0,12/12/16,09:43:56,113.010000000,100
US2.AAPL,0,12/12/16,09:43:56,113.010000000,100
US2.AAPL,0,12/12/16,09:43:56,113.010000000,100
US2.AAPL,0,12/12/16,09:43:56,113.020000000,100
US2.AAPL,0,12/12/16,09:43:56,113.020000000,100
US2.AAPL,0,12/12/16,09:44:00,113.010000000,100
US2.AAPL,0,12/12/16,09:44:00,113.010000000,200
US2.AAPL,0,12/12/16,09:44:00,113.010000000,500
US2.AAPL,0,12/12/16,09:44:00,113.010000000,200
US2.AAPL,0,12/12/16,09:44:00,113.020000000,100
US2.AAPL,0,12/12/16,09:44:00,113.020000000,100
US2.AAPL,0,12/12/16,09:44:01,113.020000000,100
US2.AAPL,0,12/12/16,09:44:01,113.010000000,100
US2.AAPL,0,12/12/16,09:44:01,113.010000000,100
US2.AAPL,0,12/12/16,09:44:01,113.010000000,100
US2.AAPL,0,12/12/16,09:44:01,113.010000000,100
US2.AAPL,0,12/12/16,09:44:01,113.010000000,200
US2.AAPL,0,12/12/16,09:44:01,113.010000000,100
US2.AAPL,0,12/12/16,09:44:02,113.010000000,100
US2.AAPL,0,12/12/16,09:44:02,113.010000000,100
US2.AAPL,0,12/12/16,09:44:02,113.010000000,100
US2.AAPL,0,12/12/16,09:44:03,113.000000000,100
US2.AAPL,0,12/12/16,09:44:03,113.000000000,100
US2.AAPL,0,12/12/16,09:44:03,113.000000000,100
US2.AAPL,0,12/12/16,09:44:03,113.000000000,100
US2.AAPL,0,12/12/16,09:44:04,112.990000000,100
US2.AAPL,0,12/12/16,09:44:04,112.990000000,100
US2.AAPL,0,12/12/16,09:44:06,112.990000000,100
US2.AAPL,0,12/12/16,09:44:06,112.970000000,100
US2.AAPL,0,12/12/16,09:44:08,112.975000000,100
US2.AAPL,0,12/12/16,09:44:12,112.980000000,100
US2.AAPL,0,12/12/16,09:44:12,112.980000000,100
US2.AAPL,0,12/12/16,09:44:12,112.980000000,100
US2.AAPL,0,12/12/16,09:44:12,112.980000000,100
US2.AAPL,0,12/12/16,09:44:12,112.980000000,100
US2.AAPL,0,12/12/16,09:44:14,112.970000000,100
US2.AAPL,0,12/12/16,09:44:14,112.970000000,100
US2.AAPL,0,12/12/16,09:44:14,112.970000000,100
US2.AAPL,0,12/12/16,09:44:14,112.970000000,181
US2.AAPL,0,12/12/16,09:44:14,112.970000000,100
US2.AAPL,0,12/12/16,09:44:14,112.970000000,100
US2.AAPL,0,12/12/16,09:44:14,112.970000000,100
US2.AAPL,0,12/12/16,09:44:14,112.970000000,100
US2.AAPL,0,12/12/16,09:44:15,112.970000000,100
US2.AAPL,0,12/12/16,09:44:15,112.970000000,100
US2.AAPL,0,12/12/16,09:44:15,112.970000000,300
US2.AAPL,0,12/12/16,09:44:19,112.990000000,100
US2.AAPL,0,12/12/16,09:44:19,112.990000000,100
US2.AAPL,0,12/12/16,09:44:19,112.990000000,100
US2.AAPL,0,12/12/16,09:44:21,112.980000000,100
US2.AAPL,0,12/12/16,09:44:21,112.980000000,100
US2.AAPL,0,12/12/16,09:44:22,112.980000000,100
US2.AAPL,0,12/12/16,09:44:22,112.980000000,100
US2.AAPL,0,12/12/16,09:44:22,112.980000000,100
US2.AAPL,0,12/12/16,09:44:22,112.980000000,100
US2.AAPL,0,12/12/16,09:44:23,112.990000000,100
US2.AAPL,0,12/12/16,09:44:23,112.990000000,100
US2.AAPL,0,12/12/16,09:44:23,112.990000000,100
US2.AAPL,0,12/12/16,09:44:23,112.990000000,100
US2.AAPL,0,12/12/16,09:44:24,112.990000000,100
US2.AAPL,0,12/12/16,09:44:24,112.990000000,100
US2.AAPL,0,12/12/16,09:44:24,112.990000000,100
US2.AAPL,0,12/12/16,09:44:24,112.990000000,100
US2.AAPL,0,12/12/16,09:44:24,113.000000000,154
US2.AAPL,0,12/12/16,09:44:24,113.020000000,100
US2.AAPL,0,12/12/16,09:44:24,113.030000000,100
US2.AAPL,0,12/12/16,09:44:24,113.030000000,100
US2.AAPL,0,12/12/16,09:44:24,113.030000000,100
US2.AAPL,0,12/12/16,09:44:25,113.030000000,100
US2.AAPL,0,12/12/16,09:44:26,113.030000000,100
US2.AAPL,0,12/12/16,09:44:28,113.040000000,300
US2.AAPL,0,12/12/16,09:44:28,113.040000000,100
US2.AAPL,0,12/12/16,09:44:29,113.030000000,100
US2.AAPL,0,12/12/16,09:44:31,113.020000000,100
US2.AAPL,0,12/12/16,09:44:31,113.020000000,200
US2.AAPL,0,12/12/16,09:44:35,112.970000000,100
US2.AAPL,0,12/12/16,09:44:37,112.960000000,100
US2.AAPL,0,12/12/16,09:44:37,112.960000000,100
US2.AAPL,0,12/12/16,09:44:38,112.950000000,200
US2.AAPL,0,12/12/16,09:44:38,112.940000000,100
US2.AAPL,0,12/12/16,09:44:38,112.950000000,100
US2.AAPL,0,12/12/16,09:44:38,112.950000000,100
US2.AAPL,0,12/12/16,09:44:38,112.950000000,100
US2.AAPL,0,12/12/16,09:44:42,112.950000000,200
US2.AAPL,0,12/12/16,09:44:42,112.940000000,100
US2.AAPL,0,12/12/16,09:44:44,112.930000000,100
US2.AAPL,0,12/12/16,09:44:46,112.940000000,100
US2.AAPL,0,12/12/16,09:44:46,112.940000000,200
US2.AAPL,0,12/12/16,09:44:46,112.940000000,100
US2.AAPL,0,12/12/16,09:44:50,112.960000000,100
US2.AAPL,0,12/12/16,09:44:50,112.960000000,100
US2.AAPL,0,12/12/16,09:44:50,112.960000000,100
US2.AAPL,0,12/12/16,09:44:56,112.960000000,121
US2.AAPL,0,12/12/16,09:44:56,112.940000000,100
US2.AAPL,0,12/12/16,09:44:56,112.940000000,100
US2.AAPL,0,12/12/16,09:44:56,112.940000000,100
US2.AAPL,0,12/12/16,09:44:56,112.940000000,100
US2.AAPL,0,12/12/16,09:44:56,112.940000000,100
US2.AAPL,0,12/12/16,09:44:57,112.930000000,100
US2.AAPL,0,12/12/16,09:44:57,112.930000000,100
US2.AAPL,0,12/12/16,09:44:57,112.920000000,100
US2.AAPL,0,12/12/16,09:44:58,112.920000000,100
US2.AAPL,0,12/12/16,09:44:58,112.920000000,400
US2.AAPL,0,12/12/16,09:44:59,112.930000000,300
US2.AAPL,0,12/12/16,09:45:00,112.940000000,100
US2.AAPL,0,12/12/16,09:45:00,112.940000000,100
US2.AAPL,0,12/12/16,09:45:07,112.950000000,100
US2.AAPL,0,12/12/16,09:45:07,112.950000000,100
US2.AAPL,0,12/12/16,09:45:09,112.970000000,200
US2.AAPL,0,12/12/16,09:45:09,112.970000000,100
US2.AAPL,0,12/12/16,09:45:10,112.980000000,100
US2.AAPL,0,12/12/16,09:45:12,113.000000000,100
US2.AAPL,0,12/12/16,09:45:13,112.980000000,100
US2.AAPL,0,12/12/16,09:45:14,112.990000000,100
US2.AAPL,0,12/12/16,09:45:16,112.990000000,100
US2.AAPL,0,12/12/16,09:45:20,112.990000000,100
US2.AAPL,0,12/12/16,09:45:20,112.980000000,100
US2.AAPL,0,12/12/16,09:45:20,112.980000000,100
US2.AAPL,0,12/12/16,09:45:22,112.970000000,100
US2.AAPL,0,12/12/16,09:45:23,112.960000000,100
US2.AAPL,0,12/12/16,09:45:25,112.950000000,100
US2.AAPL,0,12/12/16,09:45:25,112.950000000,100
US2.AAPL,0,12/12/16,09:45:27,112.950000000,400
US2.AAPL,0,12/12/16,09:45:28,112.930000000,100
US2.AAPL,0,12/12/16,09:45:31,112.910000000,100
US2.AAPL,0,12/12/16,09:45:34,112.940000000,100
US2.AAPL,0,12/12/16,09:45:35,112.910000000,100
US2.AAPL,0,12/12/16,09:45:35,112.910000000,100
US2.AAPL,0,12/12/16,09:45:36,112.900000000,296
US2.AAPL,0,12/12/16,09:45:36,112.900000000,100
US2.AAPL,0,12/12/16,09:45:36,112.900000000,100
US2.AAPL,0,12/12/16,09:45:36,112.900000000,100
US2.AAPL,0,12/12/16,09:45:37,112.900000000,200
US2.AAPL,0,12/12/16,09:45:37,112.900000000,100
US2.AAPL,0,12/12/16,09:45:40,112.930000000,100
US2.AAPL,0,12/12/16,09:45:40,112.930000000,100
US2.AAPL,0,12/12/16,09:45:44,112.920000000,100
US2.AAPL,0,12/12/16,09:45:45,112.920000000,100
US2.AAPL,0,12/12/16,09:45:45,112.910000000,100
US2.AAPL,0,12/12/16,09:45:45,112.900000000,100
US2.AAPL,0,12/12/16,09:45:45,112.900000000,100
US2.AAPL,0,12/12/16,09:45:45,112.900000000,100
US2.AAPL,0,12/12/16,09:45:46,112.910000000,100
US2.AAPL,0,12/12/16,09:45:47,112.910000000,100
US2.AAPL,0,12/12/16,09:45:48,112.900000000,100
US2.AAPL,0,12/12/16,09:45:48,112.900000000,100
US2.AAPL,0,12/12/16,09:45:48,112.890000000,100
US2.AAPL,0,12/12/16,09:45:49,112.900000000,100
US2.AAPL,0,12/12/16,09:45:49,112.900000000,100
US2.AAPL,0,12/12/16,09:45:49,112.900000000,100
US2.AAPL,0,12/12/16,09:45:49,112.900000000,100
US2.AAPL,0,12/12/16,09:45:49,112.900000000,100
US2.AAPL,0,12/12/16,09:45:49,112.900000000,100
US2.AAPL,0,12/12/16,09:45:50,112.910000000,100
US2.AAPL,0,12/12/16,09:45:50,112.910000000,100
US2.AAPL,0,12/12/16,09:45:50,112.910000000,300
US2.AAPL,0,12/12/16,09:45:52,112.910000000,100
US2.AAPL,0,12/12/16,09:45:54,112.890000000,100
US2.AAPL,0,12/12/16,09:45:54,112.890000000,200
US2.AAPL,0,12/12/16,09:45:54,112.880000000,100
US2.AAPL,0,12/12/16,09:45:55,112.890000000,100
US2.AAPL,0,12/12/16,09:45:56,112.900000000,100
US2.AAPL,0,12/12/16,09:45:56,112.900000000,100
US2.AAPL,0,12/12/16,09:45:56,112.900000000,100
US2.AAPL,0,12/12/16,09:45:57,112.890000000,200
US2.AAPL,0,12/12/16,09:45:57,112.890000000,100
US2.AAPL,0,12/12/16,09:45:57,112.885000000,100
US2.AAPL,0,12/12/16,09:45:57,112.885000000,100
US2.AAPL,0,12/12/16,09:45:58,112.870000000,100
US2.AAPL,0,12/12/16,09:45:58,112.870000000,100
US2.AAPL,0,12/12/16,09:45:59,112.865000000,200
US2.AAPL,0,12/12/16,09:45:59,112.865000000,100
US2.AAPL,0,12/12/16,09:45:59,112.860000000,100
US2.AAPL,0,12/12/16,09:45:59,112.860000000,100
US2.AAPL,0,12/12/16,09:45:59,112.860000000,200
US2.AAPL,0,12/12/16,09:45:59,112.860000000,100
US2.AAPL,0,12/12/16,09:45:59,112.890000000,100
US2.AAPL,0,12/12/16,09:46:00,112.900000000,100
US2.AAPL,0,12/12/16,09:46:00,112.900000000,100
US2.AAPL,0,12/12/16,09:46:00,112.900000000,100
US2.AAPL,0,12/12/16,09:46:00,112.900000000,100
US2.AAPL,0,12/12/16,09:46:00,112.900000000,100
US2.AAPL,0,12/12/16,09:46:00,112.900000000,100
US2.AAPL,0,12/12/16,09:46:00,112.900000000,100
US2.AAPL,0,12/12/16,09:46:00,112.910000000,100
US2.AAPL,0,12/12/16,09:46:04,112.900000000,300
US2.AAPL,0,12/12/16,09:46:04,112.900000000,100
US2.AAPL,0,12/12/16,09:46:04,112.900000000,100
US2.AAPL,0,12/12/16,09:46:04,112.900000000,100
US2.AAPL,0,12/12/16,09:46:04,112.900000000,100
US2.AAPL,0,12/12/16,09:46:04,112.900000000,100
US2.AAPL,0,12/12/16,09:46:06,112.910000000,100
US2.AAPL,0,12/12/16,09:46:10,112.920000000,100
US2.AAPL,0,12/12/16,09:46:10,112.930000000,100
US2.AAPL,0,12/12/16,09:46:10,112.930000000,100
US2.AAPL,0,12/12/16,09:46:10,112.930000000,100
US2.AAPL,0,12/12/16,09:46:10,112.930000000,100
US2.AAPL,0,12/12/16,09:46:13,112.920000000,100
US2.AAPL,0,12/12/16,09:46:13,112.920000000,100
US2.AAPL,0,12/12/16,09:46:13,112.910000000,100
US2.AAPL,0,12/12/16,09:46:13,112.910000000,100
US2.AAPL,0,12/12/16,09:46:13,112.910000000,100
US2.AAPL,0,12/12/16,09:46:13,112.910000000,200
US2.AAPL,0,12/12/16,09:46:16,112.920000000,400
US2.AAPL,0,12/12/16,09:46:16,112.915000000,200
US2.AAPL,0,12/12/16,09:46:16,112.910000000,100
US2.AAPL,0,12/12/16,09:46:16,112.910000000,100
US2.AAPL,0,12/12/16,09:46:16,112.910000000,100
US2.AAPL,0,12/12/16,09:46:17,112.900000000,200
US2.AAPL,0,12/12/16,09:46:17,112.900000000,100
US2.AAPL,0,12/12/16,09:46:17,112.910000000,100
US2.AAPL,0,12/12/16,09:46:17,112.910000000,100
US2.AAPL,0,12/12/16,09:46:18,112.940000000,200
US2.AAPL,0,12/12/16,09:46:18,112.940000000,228
US2.AAPL,0,12/12/16,09:46:18,112.940000000,100
US2.AAPL,0,12/12/16,09:46:19,112.935000000,100
US2.AAPL,0,12/12/16,09:46:19,112.935000000,100
US2.AAPL,0,12/12/16,09:46:19,112.940000000,100
US2.AAPL,0,12/12/16,09:46:19,112.940000000,100
US2.AAPL,0,12/12/16,09:46:19,112.935000000,100
US2.AAPL,0,12/12/16,09:46:20,112.935000000,100
US2.AAPL,0,12/12/16,09:46:20,112.935000000,100
US2.AAPL,0,12/12/16,09:46:21,112.930000000,200
US2.AAPL,0,12/12/16,09:46:21,112.930000000,100
US2.AAPL,0,12/12/16,09:46:21,112.930000000,100
US2.AAPL,0,12/12/16,09:46:21,112.930000000,200
US2.AAPL,0,12/12/16,09:46:21,112.930000000,100
US2.AAPL,0,12/12/16,09:46:21,112.930000000,100
US2.AAPL,0,12/12/16,09:46:22,112.930000000,100
US2.AAPL,0,12/12/16,09:46:22,112.930000000,200
US2.AAPL,0,12/12/16,09:46:25,112.930000000,100
US2.AAPL,0,12/12/16,09:46:25,112.930000000,100
US2.AAPL,0,12/12/16,09:46:25,112.950000000,100
US2.AAPL,0,12/12/16,09:46:27,112.950000000,100
US2.AAPL,0,12/12/16,09:46:27,112.950000000,200
US2.AAPL,0,12/12/16,09:46:27,112.940000000,100
US2.AAPL,0,12/12/16,09:46:28,112.920000000,100
US2.AAPL,0,12/12/16,09:46:29,112.930000000,100
US2.AAPL,0,12/12/16,09:46:29,112.940000000,100
US2.AAPL,0,12/12/16,09:46:30,112.950000000,200
US2.AAPL,0,12/12/16,09:46:30,112.960000000,100
US2.AAPL,0,12/12/16,09:46:33,112.960000000,300
US2.AAPL,0,12/12/16,09:46:33,112.960000000,100
US2.AAPL,0,12/12/16,09:46:34,112.970000000,100
US2.AAPL,0,12/12/16,09:46:34,112.970000000,100
US2.AAPL,0,12/12/16,09:46:36,112.970000000,100
US2.AAPL,0,12/12/16,09:46:36,112.970000000,100
US2.AAPL,0,12/12/16,09:46:36,112.970000000,300
US2.AAPL,0,12/12/16,09:46:36,112.960000000,100
US2.AAPL,0,12/12/16,09:46:36,112.960000000,100
US2.AAPL,0,12/12/16,09:46:37,112.950000000,100
US2.AAPL,0,12/12/16,09:46:41,112.950000000,100
US2.AAPL,0,12/12/16,09:46:41,112.960000000,100
US2.AAPL,0,12/12/16,09:46:41,112.965000000,100
US2.AAPL,0,12/12/16,09:46:41,112.970000000,100
US2.AAPL,0,12/12/16,09:46:41,112.970000000,100
US2.AAPL,0,12/12/16,09:46:41,112.970000000,100
US2.AAPL,0,12/12/16,09:46:44,112.970000000,100
US2.AAPL,0,12/12/16,09:46:44,112.970000000,100
US2.AAPL,0,12/12/16,09:46:44,112.960000000,203
US2.AAPL,0,12/12/16,09:46:44,112.950000000,200
US2.AAPL,0,12/12/16,09:46:45,112.950000000,100
US2.AAPL,0,12/12/16,09:46:46,112.950000000,100
US2.AAPL,0,12/12/16,09:46:46,112.950000000,100
US2.AAPL,0,12/12/16,09:46:47,112.940000000,200
US2.AAPL,0,12/12/16,09:46:48,112.940000000,200
US2.AAPL,0,12/12/16,09:46:48,112.940000000,100
US2.AAPL,0,12/12/16,09:46:51,112.920000000,100
US2.AAPL,0,12/12/16,09:46:52,112.910000000,100
US2.AAPL,0,12/12/16,09:46:52,112.910000000,100
US2.AAPL,0,12/12/16,09:46:52,112.910000000,100
US2.AAPL,0,12/12/16,09:46:53,112.910000000,200
US2.AAPL,0,12/12/16,09:46:54,112.910000000,300
US2.AAPL,0,12/12/16,09:46:54,112.910000000,100
US2.AAPL,0,12/12/16,09:46:58,112.920000000,300
US2.AAPL,0,12/12/16,09:46:58,112.920000000,100
US2.AAPL,0,12/12/16,09:46:59,112.920000000,100
US2.AAPL,0,12/12/16,09:46:59,112.920000000,100
US2.AAPL,0,12/12/16,09:46:59,112.920000000,100
US2.AAPL,0,12/12/16,09:46:59,112.920000000,100
US2.AAPL,0,12/12/16,09:47:00,112.930000000,100
US2.AAPL,0,12/12/16,09:47:00,112.930000000,100
US2.AAPL,0,12/12/16,09:47:01,112.930000000,100
US2.AAPL,0,12/12/16,09:47:01,112.930000000,100
US2.AAPL,0,12/12/16,09:47:02,112.920000000,100
US2.AAPL,0,12/12/16,09:47:02,112.920000000,100
US2.AAPL,0,12/12/16,09:47:05,112.900000000,200
US2.AAPL,0,12/12/16,09:47:05,112.900000000,100
US2.AAPL,0,12/12/16,09:47:05,112.880000000,100
US2.AAPL,0,12/12/16,09:47:07,112.870000000,100
US2.AAPL,0,12/12/16,09:47:08,112.860000000,100
US2.AAPL,0,12/12/16,09:47:09,112.830000000,100
US2.AAPL,0,12/12/16,09:47:09,112.830000000,100
US2.AAPL,0,12/12/16,09:47:09,112.830000000,100
US2.AAPL,0,12/12/16,09:47:09,112.840000000,100
US2.AAPL,0,12/12/16,09:47:09,112.840000000,100
US2.AAPL,0,12/12/16,09:47:09,112.845000000,100
US2.AAPL,0,12/12/16,09:47:09,112.840000000,100
US2.AAPL,0,12/12/16,09:47:09,112.840000000,100
US2.AAPL,0,12/12/16,09:47:09,112.840000000,100
US2.AAPL,0,12/12/16,09:47:09,112.850000000,100
US2.AAPL,0,12/12/16,09:47:09,112.860000000,100
US2.AAPL,0,12/12/16,09:47:09,112.860000000,100
US2.AAPL,0,12/12/16,09:47:09,112.860000000,100
US2.AAPL,0,12/12/16,09:47:10,112.870000000,100
US2.AAPL,0,12/12/16,09:47:13,112.870000000,200
US2.AAPL,0,12/12/16,09:47:13,112.850000000,300
US2.AAPL,0,12/12/16,09:47:13,112.860000000,100
US2.AAPL,0,12/12/16,09:47:16,112.860000000,100
US2.AAPL,0,12/12/16,09:47:16,112.870000000,100
US2.AAPL,0,12/12/16,09:47:16,112.880000000,100
US2.AAPL,0,12/12/16,09:47:18,112.880000000,100
US2.AAPL,0,12/12/16,09:47:18,112.890000000,100
US2.AAPL,0,12/12/16,09:47:19,112.900000000,100
US2.AAPL,0,12/12/16,09:47:19,112.900000000,100
US2.AAPL,0,12/12/16,09:47:23,112.880000000,100
US2.AAPL,0,12/12/16,09:47:23,112.880000000,100
US2.AAPL,0,12/12/16,09:47:27,112.880000000,235
US2.AAPL,0,12/12/16,09:47:33,112.870000000,300
US2.AAPL,0,12/12/16,09:47:33,112.860000000,100
US2.AAPL,0,12/12/16,09:47:33,112.860000000,100
US2.AAPL,0,12/12/16,09:47:33,112.860000000,100
US2.AAPL,0,12/12/16,09:47:33,112.860000000,100
US2.AAPL,0,12/12/16,09:47:33,112.860000000,100
US2.AAPL,0,12/12/16,09:47:33,112.860000000,100
US2.AAPL,0,12/12/16,09:47:33,112.860000000,100
US2.AAPL,0,12/12/16,09:47:33,112.860000000,100
US2.AAPL,0,12/12/16,09:47:33,112.860000000,100
US2.AAPL,0,12/12/16,09:47:34,112.870000000,100
US2.AAPL,0,12/12/16,09:47:35,112.880000000,100
US2.AAPL,0,12/12/16,09:47:35,112.880000000,100
US2.AAPL,0,12/12/16,09:47:35,112.900000000,100
US2.AAPL,0,12/12/16,09:47:35,112.900000000,100
US2.AAPL,0,12/12/16,09:47:40,112.870000000,200
US2.AAPL,0,12/12/16,09:47:40,112.870000000,100
US2.AAPL,0,12/12/16,09:47:44,112.870000000,100
US2.AAPL,0,12/12/16,09:47:47,112.880000000,100
US2.AAPL,0,12/12/16,09:47:48,112.920000000,100
US2.AAPL,0,12/12/16,09:47:48,112.920000000,100
US2.AAPL,0,12/12/16,09:47:48,112.920000000,100
US2.AAPL,0,12/12/16,09:47:48,112.920000000,100
US2.AAPL,0,12/12/16,09:47:48,112.920000000,100
US2.AAPL,0,12/12/16,09:47:48,112.920000000,100
US2.AAPL,0,12/12/16,09:47:50,112.940000000,100
US2.AAPL,0,12/12/16,09:47:50,112.950000000,100
US2.AAPL,0,12/12/16,09:47:52,112.960000000,100
US2.AAPL,0,12/12/16,09:47:52,112.960000000,100
US2.AAPL,0,12/12/16,09:47:52,112.960000000,100
US2.AAPL,0,12/12/16,09:47:54,112.960000000,200
US2.AAPL,0,12/12/16,09:47:55,112.970000000,200
US2.AAPL,0,12/12/16,09:47:58,112.970000000,100
US2.AAPL,0,12/12/16,09:48:00,112.965000000,100
US2.AAPL,0,12/12/16,09:48:01,112.970000000,100
US2.AAPL,0,12/12/16,09:48:01,112.940000000,100
US2.AAPL,0,12/12/16,09:48:01,112.930000000,100
US2.AAPL,0,12/12/16,09:48:01,112.930000000,100
US2.AAPL,0,12/12/16,09:48:01,112.930000000,100
US2.AAPL,0,12/12/16,09:48:02,112.940000000,100
US2.AAPL,0,12/12/16,09:48:02,112.940000000,100
US2.AAPL,0,12/12/16,09:48:03,112.930000000,100
US2.AAPL,0,12/12/16,09:48:05,112.920000000,100
US2.AAPL,0,12/12/16,09:48:05,112.920000000,100
US2.AAPL,0,12/12/16,09:48:06,112.910000000,100
US2.AAPL,0,12/12/16,09:48:08,112.920000000,100
US2.AAPL,0,12/12/16,09:48:10,112.920000000,100
US2.AAPL,0,12/12/16,09:48:10,112.920000000,100
US2.AAPL,0,12/12/16,09:48:10,112.920000000,100
US2.AAPL,0,12/12/16,09:48:10,112.920000000,100
US2.AAPL,0,12/12/16,09:48:10,112.920000000,100
US2.AAPL,0,12/12/16,09:48:12,112.930000000,100
US2.AAPL,0,12/12/16,09:48:14,112.940000000,100
US2.AAPL,0,12/12/16,09:48:14,112.960000000,100
US2.AAPL,0,12/12/16,09:48:14,112.960000000,100
US2.AAPL,0,12/12/16,09:48:14,112.960000000,100
US2.AAPL,0,12/12/16,09:48:14,112.960000000,100
US2.AAPL,0,12/12/16,09:48:14,112.970000000,156
US2.AAPL,0,12/12/16,09:48:17,113.000000000,100
US2.AAPL,0,12/12/16,09:48:17,112.990000000,100
US2.AAPL,0,12/12/16,09:48:18,113.000000000,100
US2.AAPL,0,12/12/16,09:48:18,113.000000000,100
US2.AAPL,0,12/12/16,09:48:18,113.000000000,100
US2.AAPL,0,12/12/16,09:48:21,112.990000000,100
US2.AAPL,0,12/12/16,09:48:21,112.990000000,300
US2.AAPL,0,12/12/16,09:48:21,112.990000000,100
US2.AAPL,0,12/12/16,09:48:21,112.985000000,400
US2.AAPL,0,12/12/16,09:48:23,112.985000000,398
US2.AAPL,0,12/12/16,09:48:23,112.985000000,399
US2.AAPL,0,12/12/16,09:48:24,112.985000000,399
US2.AAPL,0,12/12/16,09:48:28,112.990000000,500
US2.AAPL,0,12/12/16,09:48:28,113.000000000,100
US2.AAPL,0,12/12/16,09:48:28,113.000000000,100
US2.AAPL,0,12/12/16,09:48:28,113.000000000,100
US2.AAPL,0,12/12/16,09:48:28,113.010000000,100
US2.AAPL,0,12/12/16,09:48:28,113.010000000,100
US2.AAPL,0,12/12/16,09:48:28,113.010000000,100
US2.AAPL,0,12/12/16,09:48:28,113.000000000,100
US2.AAPL,0,12/12/16,09:48:28,113.000000000,200
US2.AAPL,0,12/12/16,09:48:28,113.000000000,100
US2.AAPL,0,12/12/16,09:48:29,113.010000000,100
US2.AAPL,0,12/12/16,09:48:29,113.020000000,100
US2.AAPL,0,12/12/16,09:48:29,113.020000000,100
US2.AAPL,0,12/12/16,09:48:32,113.050000000,130
US2.AAPL,0,12/12/16,09:48:32,113.050000000,100
US2.AAPL,0,12/12/16,09:48:32,113.080000000,100
US2.AAPL,0,12/12/16,09:48:32,113.070000000,600
US2.AAPL,0,12/12/16,09:48:32,113.060000000,100
US2.AAPL,0,12/12/16,09:48:32,113.050000000,100
US2.AAPL,0,12/12/16,09:48:32,113.030000000,100
US2.AAPL,0,12/12/16,09:48:36,113.050000000,100
US2.AAPL,0,12/12/16,09:48:36,113.060000000,100
US2.AAPL,0,12/12/16,09:48:36,113.060000000,100
US2.AAPL,0,12/12/16,09:48:36,113.060000000,100
US2.AAPL,0,12/12/16,09:48:36,113.060000000,100
US2.AAPL,0,12/12/16,09:48:37,113.050000000,300
US2.AAPL,0,12/12/16,09:48:39,113.060000000,100
US2.AAPL,0,12/12/16,09:48:41,113.060000000,100
US2.AAPL,0,12/12/16,09:48:41,113.060000000,100
US2.AAPL,0,12/12/16,09:48:43,113.060000000,100
US2.AAPL,0,12/12/16,09:48:45,113.055000000,100
US2.AAPL,0,12/12/16,09:48:45,113.060000000,100
US2.AAPL,0,12/12/16,09:48:47,113.070000000,100
US2.AAPL,0,12/12/16,09:48:47,113.070000000,100
US2.AAPL,0,12/12/16,09:48:47,113.060000000,100
US2.AAPL,0,12/12/16,09:48:47,113.050000000,100
US2.AAPL,0,12/12/16,09:48:47,113.050000000,200
US2.AAPL,0,12/12/16,09:48:50,113.050000000,100
US2.AAPL,0,12/12/16,09:48:50,113.060000000,100
US2.AAPL,0,12/12/16,09:48:50,113.060000000,100
US2.AAPL,0,12/12/16,09:48:51,113.070000000,100
US2.AAPL,0,12/12/16,09:48:51,113.070000000,100
US2.AAPL,0,12/12/16,09:48:51,113.070000000,100
US2.AAPL,0,12/12/16,09:48:51,113.080000000,100
US2.AAPL,0,12/12/16,09:48:52,113.070000000,100
US2.AAPL,0,12/12/16,09:48:52,113.080000000,100
US2.AAPL,0,12/12/16,09:48:53,113.075000000,200
US2.AAPL,0,12/12/16,09:48:53,113.075000000,100
US2.AAPL,0,12/12/16,09:48:53,113.090000000,100
US2.AAPL,0,12/12/16,09:48:53,113.090000000,100
US2.AAPL,0,12/12/16,09:48:53,113.100000000,100
US2.AAPL,0,12/12/16,09:48:53,113.100000000,300
US2.AAPL,0,12/12/16,09:48:53,113.100000000,200
US2.AAPL,0,12/12/16,09:48:53,113.090000000,100
US2.AAPL,0,12/12/16,09:48:53,113.100000000,100
US2.AAPL,0,12/12/16,09:48:53,113.100000000,100
US2.AAPL,0,12/12/16,09:48:54,113.090000000,200
US2.AAPL,0,12/12/16,09:48:55,113.100000000,100
US2.AAPL,0,12/12/16,09:48:55,113.100000000,100
US2.AAPL,0,12/12/16,09:48:56,113.090000000,100
US2.AAPL,0,12/12/16,09:48:57,113.090000000,100
US2.AAPL,0,12/12/16,09:48:57,113.100000000,100
US2.AAPL,0,12/12/16,09:48:57,113.100000000,100
US2.AAPL,0,12/12/16,09:48:57,113.100000000,100
US2.AAPL,0,12/12/16,09:48:58,113.090000000,200
US2.AAPL,0,12/12/16,09:48:58,113.080000000,100
US2.AAPL,0,12/12/16,09:48:58,113.060000000,100
US2.AAPL,0,12/12/16,09:48:58,113.060000000,100
US2.AAPL,0,12/12/16,09:48:58,113.070000000,100
US2.AAPL,0,12/12/16,09:48:59,113.070000000,100
US2.AAPL,0,12/12/16,09:49:00,113.070000000,100
US2.AAPL,0,12/12/16,09:49:01,113.080000000,100
US2.AAPL,0,12/12/16,09:49:04,113.115000000,100
US2.AAPL,0,12/12/16,09:49:04,113.110000000,100
US2.AAPL,0,12/12/16,09:49:04,113.110000000,100
US2.AAPL,0,12/12/16,09:49:05,113.100000000,2000
US2.AAPL,0,12/12/16,09:49:05,113.090000000,100
US2.AAPL,0,12/12/16,09:49:08,113.110000000,100
US2.AAPL,0,12/12/16,09:49:08,113.110000000,100
US2.AAPL,0,12/12/16,09:49:11,113.100000000,110
US2.AAPL,0,12/12/16,09:49:11,113.100000000,200
US2.AAPL,0,12/12/16,09:49:11,113.100000000,200
US2.AAPL,0,12/12/16,09:49:11,113.090000000,200
US2.AAPL,0,12/12/16,09:49:12,113.080000000,200
US2.AAPL,0,12/12/16,09:49:17,113.050000000,100
US2.AAPL,0,12/12/16,09:49:17,113.050000000,100
US2.AAPL,0,12/12/16,09:49:19,113.040000000,100
US2.AAPL,0,12/12/16,09:49:22,113.050000000,200
US2.AAPL,0,12/12/16,09:49:22,113.050000000,100
US2.AAPL,0,12/12/16,09:49:22,113.050000000,100
US2.AAPL,0,12/12/16,09:49:22,113.050000000,100
US2.AAPL,0,12/12/16,09:49:22,113.050000000,100
US2.AAPL,0,12/12/16,09:49:22,113.060000000,100
US2.AAPL,0,12/12/16,09:49:22,113.060000000,100
US2.AAPL,0,12/12/16,09:49:22,113.060000000,100
US2.AAPL,0,12/12/16,09:49:24,113.050000000,100
US2.AAPL,0,12/12/16,09:49:25,113.050000000,199
US2.AAPL,0,12/12/16,09:49:26,113.050000000,100
US2.AAPL,0,12/12/16,09:49:27,113.040000000,100
US2.AAPL,0,12/12/16,09:49:27,113.040000000,100
US2.AAPL,0,12/12/16,09:49:27,113.040000000,100
US2.AAPL,0,12/12/16,09:49:30,113.050000000,100
US2.AAPL,0,12/12/16,09:49:30,113.050000000,200
US2.AAPL,0,12/12/16,09:49:30,113.030000000,200
US2.AAPL,0,12/12/16,09:49:30,113.030000000,100
US2.AAPL,0,12/12/16,09:49:31,113.040000000,100
US2.AAPL,0,12/12/16,09:49:32,113.050000000,100
US2.AAPL,0,12/12/16,09:49:32,113.050000000,100
US2.AAPL,0,12/12/16,09:49:32,113.060000000,100
US2.AAPL,0,12/12/16,09:49:35,113.065000000,100
US2.AAPL,0,12/12/16,09:49:36,113.060000000,400
US2.AAPL,0,12/12/16,09:49:40,113.065000000,100
US2.AAPL,0,12/12/16,09:49:40,113.065000000,100
US2.AAPL,0,12/12/16,09:49:40,113.070000000,100
US2.AAPL,0,12/12/16,09:49:43,113.060000000,100
US2.AAPL,0,12/12/16,09:49:43,113.060000000,100
US2.AAPL,0,12/12/16,09:49:43,113.060000000,100
US2.AAPL,0,12/12/16,09:49:44,113.060000000,200
US2.AAPL,0,12/12/16,09:49:44,113.060000000,100
US2.AAPL,0,12/12/16,09:49:46,113.070000000,100
US2.AAPL,0,12/12/16,09:49:47,113.080000000,100
US2.AAPL,0,12/12/16,09:49:47,113.080000000,100
US2.AAPL,0,12/12/16,09:49:48,113.090000000,100
US2.AAPL,0,12/12/16,09:49:48,113.090000000,100
US2.AAPL,0,12/12/16,09:49:49,113.080000000,100
US2.AAPL,0,12/12/16,09:49:54,113.080000000,150
US2.AAPL,0,12/12/16,09:49:55,113.080000000,121
US2.AAPL,0,12/12/16,09:49:55,113.080000000,100
US2.AAPL,0,12/12/16,09:49:55,113.090000000,100
US2.AAPL,0,12/12/16,09:49:55,113.100000000,100
US2.AAPL,0,12/12/16,09:49:55,113.110000000,100
US2.AAPL,0,12/12/16,09:49:55,113.110000000,100
US2.AAPL,0,12/12/16,09:49:56,113.110000000,100
US2.AAPL,0,12/12/16,09:49:56,113.110000000,100
US2.AAPL,0,12/12/16,09:49:57,113.115000000,100
US2.AAPL,0,12/12/16,09:49:57,113.120000000,100
US2.AAPL,0,12/12/16,09:49:57,113.140000000,100
US2.AAPL,0,12/12/16,09:49:57,113.130000000,100
US2.AAPL,0,12/12/16,09:49:57,113.130000000,100
US2.AAPL,0,12/12/16,09:49:57,113.130000000,100
US2.AAPL,0,12/12/16,09:49:57,113.130000000,100
US2.AAPL,0,12/12/16,09:49:58,113.130000000,100
US2.AAPL,0,12/12/16,09:49:58,113.130000000,100
US2.AAPL,0,12/12/16,09:49:58,113.130000000,200
US2.AAPL,0,12/12/16,09:49:58,113.130000000,100
US2.AAPL,0,12/12/16,09:49:59,113.120000000,200
US2.AAPL,0,12/12/16,09:50:01,113.110000000,100
US2.AAPL,0,12/12/16,09:50:01,113.100000000,100
US2.AAPL,0,12/12/16,09:50:02,113.090000000,100
US2.AAPL,0,12/12/16,09:50:08,113.050000000,100
US2.AAPL,0,12/12/16,09:50:09,113.070000000,100
US2.AAPL,0,12/12/16,09:50:09,113.070000000,100
US2.AAPL,0,12/12/16,09:50:09,113.080000000,100
US2.AAPL,0,12/12/16,09:50:09,113.080000000,178
US2.AAPL,0,12/12/16,09:50:10,113.080000000,100
US2.AAPL,0,12/12/16,09:50:11,113.090000000,100
US2.AAPL,0,12/12/16,09:50:12,113.100000000,100
US2.AAPL,0,12/12/16,09:50:14,113.130000000,100
US2.AAPL,0,12/12/16,09:50:14,113.130000000,100
US2.AAPL,0,12/12/16,09:50:15,113.120000000,100
US2.AAPL,0,12/12/16,09:50:15,113.120000000,100
US2.AAPL,0,12/12/16,09:50:15,113.120000000,100
US2.AAPL,0,12/12/16,09:50:15,113.120000000,100
US2.AAPL,0,12/12/16,09:50:15,113.110000000,300
US2.AAPL,0,12/12/16,09:50:15,113.090000000,100
US2.AAPL,0,12/12/16,09:50:15,113.090000000,100
US2.AAPL,0,12/12/16,09:50:15,113.090000000,100
US2.AAPL,0,12/12/16,09:50:15,113.090000000,100
US2.AAPL,0,12/12/16,09:50:16,113.090000000,100
US2.AAPL,0,12/12/16,09:50:17,113.080000000,200
US2.AAPL,0,12/12/16,09:50:19,113.070000000,100
US2.AAPL,0,12/12/16,09:50:19,113.070000000,100
US2.AAPL,0,12/12/16,09:50:20,113.080000000,100
US2.AAPL,0,12/12/16,09:50:20,113.080000000,200
US2.AAPL,0,12/12/16,09:50:20,113.080000000,100
US2.AAPL,0,12/12/16,09:50:20,113.080000000,200
US2.AAPL,0,12/12/16,09:50:20,113.090000000,100
US2.AAPL,0,12/12/16,09:50:20,113.100000000,100
US2.AAPL,0,12/12/16,09:50:20,113.100000000,100
US2.AAPL,0,12/12/16,09:50:20,113.100000000,100
US2.AAPL,0,12/12/16,09:50:20,113.100000000,100
US2.AAPL,0,12/12/16,09:50:20,113.110000000,100
US2.AAPL,0,12/12/16,09:50:20,113.120000000,100
US2.AAPL,0,12/12/16,09:50:21,113.120000000,100
US2.AAPL,0,12/12/16,09:50:22,113.120000000,100
US2.AAPL,0,12/12/16,09:50:23,113.110000000,200
US2.AAPL,0,12/12/16,09:50:23,113.110000000,100
US2.AAPL,0,12/12/16,09:50:26,113.090000000,100
US2.AAPL,0,12/12/16,09:50:26,113.090000000,100
US2.AAPL,0,12/12/16,09:50:27,113.090000000,100
US2.AAPL,0,12/12/16,09:50:27,113.100000000,100
US2.AAPL,0,12/12/16,09:50:27,113.100000000,100
US2.AAPL,0,12/12/16,09:50:27,113.100000000,100
US2.AAPL,0,12/12/16,09:50:27,113.100000000,100
US2.AAPL,0,12/12/16,09:50:28,113.100000000,100
US2.AAPL,0,12/12/16,09:50:32,113.110000000,100
US2.AAPL,0,12/12/16,09:50:34,113.120000000,100
US2.AAPL,0,12/12/16,09:50:34,113.130000000,100
US2.AAPL,0,12/12/16,09:50:34,113.130000000,100
US2.AAPL,0,12/12/16,09:50:36,113.120000000,100
US2.AAPL,0,12/12/16,09:50:36,113.110000000,100
US2.AAPL,0,12/12/16,09:50:38,113.090000000,100
US2.AAPL,0,12/12/16,09:50:41,113.110000000,100
US2.AAPL,0,12/12/16,09:50:41,113.110000000,100
US2.AAPL,0,12/12/16,09:50:41,113.110000000,100
US2.AAPL,0,12/12/16,09:50:41,113.110000000,100
US2.AAPL,0,12/12/16,09:50:41,113.110000000,100
US2.AAPL,0,12/12/16,09:50:41,113.110000000,100
US2.AAPL,0,12/12/16,09:50:42,113.120000000,100
US2.AAPL,0,12/12/16,09:50:42,113.120000000,100
US2.AAPL,0,12/12/16,09:50:45,113.120000000,100
US2.AAPL,0,12/12/16,09:50:45,113.120000000,200
US2.AAPL,0,12/12/16,09:50:46,113.130000000,100
US2.AAPL,0,12/12/16,09:50:48,113.110000000,126
US2.AAPL,0,12/12/16,09:50:48,113.100000000,100
US2.AAPL,0,12/12/16,09:50:48,113.100000000,100
US2.AAPL,0,12/12/16,09:50:49,113.110000000,100
US2.AAPL,0,12/12/16,09:50:51,113.110000000,100
US2.AAPL,0,12/12/16,09:50:51,113.110000000,100
US2.AAPL,0,12/12/16,09:50:52,113.120000000,100
US2.AAPL,0,12/12/16,09:50:55,113.120000000,100
US2.AAPL,0,12/12/16,09:50:59,113.130000000,100
US2.AAPL,0,12/12/16,09:50:59,113.130000000,100
US2.AAPL,0,12/12/16,09:50:59,113.140000000,100
US2.AAPL,0,12/12/16,09:50:59,113.140000000,100
US2.AAPL,0,12/12/16,09:50:59,113.150000000,100
US2.AAPL,0,12/12/16,09:50:59,113.150000000,100
US2.AAPL,0,12/12/16,09:50:59,113.150000000,100
US2.AAPL,0,12/12/16,09:51:00,113.160000000,100
US2.AAPL,0,12/12/16,09:51:01,113.170000000,100
US2.AAPL,0,12/12/16,09:51:03,113.160000000,200
US2.AAPL,0,12/12/16,09:51:03,113.160000000,100
US2.AAPL,0,12/12/16,09:51:04,113.150000000,100
US2.AAPL,0,12/12/16,09:51:05,113.140000000,100
US2.AAPL,0,12/12/16,09:51:08,113.130000000,100
US2.AAPL,0,12/12/16,09:51:10,113.130000000,100
US2.AAPL,0,12/12/16,09:51:10,113.130000000,100
US2.AAPL,0,12/12/16,09:51:10,113.130000000,100
US2.AAPL,0,12/12/16,09:51:13,113.130000000,100
US2.AAPL,0,12/12/16,09:51:13,113.130000000,200
US2.AAPL,0,12/12/16,09:51:13,113.100000000,100
US2.AAPL,0,12/12/16,09:51:13,113.100000000,100
US2.AAPL,0,12/12/16,09:51:13,113.110000000,100
US2.AAPL,0,12/12/16,09:51:13,113.110000000,100
US2.AAPL,0,12/12/16,09:51:14,113.130000000,100
US2.AAPL,0,12/12/16,09:51:14,113.130000000,100
US2.AAPL,0,12/12/16,09:51:14,113.130000000,100
US2.AAPL,0,12/12/16,09:51:14,113.130000000,100
US2.AAPL,0,12/12/16,09:51:18,113.110000000,100
US2.AAPL,0,12/12/16,09:51:23,113.120000000,100
