<TICKER>,<PER>,<DATE>,<TIME>,<LAST>,<VOL>
US.BAC,0,12/12/16,09:30:00,23.000000000,200
US.BAC,0,12/12/16,09:30:00,23.000000000,300
US.BAC,0,12/12/16,09:30:00,23.000000000,100
US.BAC,0,12/12/16,09:30:01,23.020000000,100
US.BAC,0,12/12/16,09:30:01,23.020000000,200
US.BAC,0,12/12/16,09:30:01,23.020000000,100
US.BAC,0,12/12/16,09:30:01,23.020000000,300
US.BAC,0,12/12/16,09:30:02,23.030000000,100
US.BAC,0,12/12/16,09:30:02,23.030000000,300
US.BAC,0,12/12/16,09:30:03,23.030000000,200
US.BAC,0,12/12/16,09:30:03,23.030000000,200
US.BAC,0,12/12/16,09:30:03,23.030000000,100
US.BAC,0,12/12/16,09:30:03,23.030000000,100
US.BAC,0,12/12/16,09:30:03,23.030000000,300
US.BAC,0,12/12/16,09:30:05,23.030000000,100
US.BAC,0,12/12/16,09:30:05,23.030000000,300
US.BAC,0,12/12/16,09:30:05,23.030000000,218
US.BAC,0,12/12/16,09:30:08,23.040000000,200
US.BAC,0,12/12/16,09:30:08,23.040000000,500
US.BAC,0,12/12/16,09:30:08,23.040000000,100
US.BAC,0,12/12/16,09:30:08,23.030000000,100
US.BAC,0,12/12/16,09:30:08,23.030000000,100
US.BAC,0,12/12/16,09:30:09,23.040000000,100
US.BAC,0,12/12/16,09:30:09,23.040000000,100
US.BAC,0,12/12/16,09:30:09,23.040000000,100
US.BAC,0,12/12/16,09:30:09,23.040000000,100
US.BAC,0,12/12/16,09:30:09,23.040000000,100
US.BAC,0,12/12/16,09:30:09,23.040000000,100
US.BAC,0,12/12/16,09:30:10,23.040000000,100
US.BAC,0,12/12/16,09:30:10,23.040000000,100
US.BAC,0,12/12/16,09:30:10,23.040000000,100
US.BAC,0,12/12/16,09:30:10,23.040000000,200
US.BAC,0,12/12/16,09:30:10,23.040000000,100
US.BAC,0,12/12/16,09:30:10,23.040000000,100
US.BAC,0,12/12/16,09:30:10,23.040000000,100
US.BAC,0,12/12/16,09:30:10,23.040000000,100
US.BAC,0,12/12/16,09:30:10,23.040000000,100
US.BAC,0,12/12/16,09:30:11,23.045000000,300
US.BAC,0,12/12/16,09:30:11,23.040000000,500
US.BAC,0,12/12/16,09:30:11,23.040000000,4300
US.BAC,0,12/12/16,09:30:11,23.040000000,100
US.BAC,0,12/12/16,09:30:11,23.040000000,300
US.BAC,0,12/12/16,09:30:11,23.035000000,100
US.BAC,0,12/12/16,09:30:11,23.030000000,200
US.BAC,0,12/12/16,09:30:11,23.035000000,200
US.BAC,0,12/12/16,09:30:11,23.035000000,100
US.BAC,0,12/12/16,09:30:11,23.035000000,100
US.BAC,0,12/12/16,09:30:11,23.035000000,100
US.BAC,0,12/12/16,09:30:11,23.035000000,100
US.BAC,0,12/12/16,09:30:11,23.035000000,100
US.BAC,0,12/12/16,09:30:11,23.035000000,200
US.BAC,0,12/12/16,09:30:11,23.035000000,100
US.BAC,0,12/12/16,09:30:12,23.040000000,100
US.BAC,0,12/12/16,09:30:13,23.040000000,200
US.BAC,0,12/12/16,09:30:13,23.040000000,100
US.BAC,0,12/12/16,09:30:13,23.040000000,100
US.BAC,0,12/12/16,09:30:13,23.030000000,200
US.BAC,0,12/12/16,09:30:13,23.030000000,100
US.BAC,0,12/12/16,09:30:13,23.030000000,5000
US.BAC,0,12/12/16,09:30:13,23.030000000,200
US.BAC,0,12/12/16,09:30:13,23.030000000,200
US.BAC,0,12/12/16,09:30:13,23.030000000,200
US.BAC,0,12/12/16,09:30:13,23.040000000,500
US.BAC,0,12/12/16,09:30:13,23.040000000,100
US.BAC,0,12/12/16,09:30:14,23.040000000,200
US.BAC,0,12/12/16,09:30:14,23.040000000,200
US.BAC,0,12/12/16,09:30:14,23.040000000,500
US.BAC,0,12/12/16,09:30:14,23.040000000,200
US.BAC,0,12/12/16,09:30:14,23.040000000,100
US.BAC,0,12/12/16,09:30:14,23.040000000,100
US.BAC,0,12/12/16,09:30:14,23.040000000,100
US.BAC,0,12/12/16,09:30:15,23.040000000,500
US.BAC,0,12/12/16,09:30:15,23.040000000,200
US.BAC,0,12/12/16,09:30:15,23.040000000,100
US.BAC,0,12/12/16,09:30:15,23.030000000,500
US.BAC,0,12/12/16,09:30:19,23.030000000,200
US.BAC,0,12/12/16,09:30:26,23.025000000,100
US.BAC,0,12/12/16,09:30:26,23.025000000,100
US.BAC,0,12/12/16,09:30:26,23.025000000,100
US.BAC,0,12/12/16,09:30:27,23.025000000,200
US.BAC,0,12/12/16,09:30:27,23.025000000,100
US.BAC,0,12/12/16,09:30:27,23.025000000,100
US.BAC,0,12/12/16,09:30:27,23.030000000,200
US.BAC,0,12/12/16,09:30:27,23.025000000,200
US.BAC,0,12/12/16,09:30:27,23.025000000,100
US.BAC,0,12/12/16,09:30:27,23.025000000,100
US.BAC,0,12/12/16,09:30:27,23.025000000,100
US.BAC,0,12/12/16,09:30:27,23.025000000,200
US.BAC,0,12/12/16,09:30:27,23.025000000,100
US.BAC,0,12/12/16,09:30:27,23.025000000,100
US.BAC,0,12/12/16,09:30:27,23.025000000,100
US.BAC,0,12/12/16,09:30:28,23.030000000,200
US.BAC,0,12/12/16,09:30:28,23.030000000,200
US.BAC,0,12/12/16,09:30:29,23.035000000,100
US.BAC,0,12/12/16,09:30:30,23.050000000,200
US.BAC,0,12/12/16,09:30:30,23.050000000,500
US.BAC,0,12/12/16,09:30:34,23.050000000,500
US.BAC,0,12/12/16,09:30:34,23.050000000,100
US.BAC,0,12/12/16,09:30:34,23.040000000,100
US.BAC,0,12/12/16,09:30:34,23.040000000,100
US.BAC,0,12/12/16,09:30:34,23.040000000,500
US.BAC,0,12/12/16,09:30:38,23.050000000,100
US.BAC,0,12/12/16,09:30:39,23.050000000,100
US.BAC,0,12/12/16,09:30:42,23.060000000,200
US.BAC,0,12/12/16,09:30:44,23.060000000,100
US.BAC,0,12/12/16,09:30:44,23.060000000,165
US.BAC,0,12/12/16,09:30:44,23.070000000,200
US.BAC,0,12/12/16,09:31:09,23.090000000,500
US.BAC,0,12/12/16,09:31:09,23.090000000,200
US.BAC,0,12/12/16,09:31:09,23.090000000,200
US.BAC,0,12/12/16,09:31:09,23.090000000,200
US.BAC,0,12/12/16,09:31:12,23.080000000,200
US.BAC,0,12/12/16,09:31:13,23.070000000,200
US.BAC,0,12/12/16,09:31:13,23.070000000,100
US.BAC,0,12/12/16,09:31:13,23.065000000,100
US.BAC,0,12/12/16,09:31:13,23.070000000,200
US.BAC,0,12/12/16,09:31:13,23.070000000,200
US.BAC,0,12/12/16,09:31:13,23.070000000,500
US.BAC,0,12/12/16,09:31:13,23.070000000,1600
US.BAC,0,12/12/16,09:31:13,23.070000000,200
US.BAC,0,12/12/16,09:31:13,23.070000000,500
US.BAC,0,12/12/16,09:31:13,23.070000000,200
US.BAC,0,12/12/16,09:31:13,23.070000000,1000
US.BAC,0,12/12/16,09:31:13,23.070000000,200
US.BAC,0,12/12/16,09:31:13,23.070000000,300
US.BAC,0,12/12/16,09:31:13,23.070000000,200
US.BAC,0,12/12/16,09:31:13,23.070000000,600
US.BAC,0,12/12/16,09:31:13,23.070000000,300
US.BAC,0,12/12/16,09:31:13,23.070000000,700
US.BAC,0,12/12/16,09:31:13,23.070000000,300
US.BAC,0,12/12/16,09:31:13,23.070000000,500
US.BAC,0,12/12/16,09:31:13,23.070000000,200
US.BAC,0,12/12/16,09:31:13,23.070000000,200
US.BAC,0,12/12/16,09:31:13,23.070000000,200
US.BAC,0,12/12/16,09:31:13,23.070000000,600
US.BAC,0,12/12/16,09:31:13,23.065000000,200
US.BAC,0,12/12/16,09:31:13,23.065000000,200
US.BAC,0,12/12/16,09:31:13,23.060000000,200
US.BAC,0,12/12/16,09:31:13,23.060000000,200
US.BAC,0,12/12/16,09:31:13,23.060000000,500
US.BAC,0,12/12/16,09:31:13,23.060000000,200
US.BAC,0,12/12/16,09:31:13,23.060000000,200
US.BAC,0,12/12/16,09:31:13,23.060000000,200
US.BAC,0,12/12/16,09:31:13,23.060000000,200
US.BAC,0,12/12/16,09:31:13,23.060000000,400
US.BAC,0,12/12/16,09:31:13,23.065000000,300
US.BAC,0,12/12/16,09:31:13,23.065000000,100
US.BAC,0,12/12/16,09:31:13,23.080000000,200
US.BAC,0,12/12/16,09:31:13,23.080000000,200
US.BAC,0,12/12/16,09:31:13,23.080000000,200
US.BAC,0,12/12/16,09:31:13,23.080000000,500
US.BAC,0,12/12/16,09:31:13,23.080000000,200
US.BAC,0,12/12/16,09:31:13,23.080000000,600
US.BAC,0,12/12/16,09:31:13,23.080000000,400
US.BAC,0,12/12/16,09:31:13,23.080000000,200
US.BAC,0,12/12/16,09:31:13,23.080000000,200
US.BAC,0,12/12/16,09:31:13,23.070000000,1600
US.BAC,0,12/12/16,09:31:13,23.070000000,300
US.BAC,0,12/12/16,09:31:13,23.070000000,300
US.BAC,0,12/12/16,09:31:13,23.070000000,100
US.BAC,0,12/12/16,09:31:13,23.070000000,400
US.BAC,0,12/12/16,09:31:13,23.070000000,300
US.BAC,0,12/12/16,09:31:13,23.070000000,300
US.BAC,0,12/12/16,09:31:13,23.070000000,1600
US.BAC,0,12/12/16,09:31:13,23.070000000,1600
US.BAC,0,12/12/16,09:31:13,23.070000000,300
US.BAC,0,12/12/16,09:31:13,23.070000000,100
US.BAC,0,12/12/16,09:31:13,23.070000000,100
US.BAC,0,12/12/16,09:31:13,23.070000000,200
US.BAC,0,12/12/16,09:31:13,23.070000000,1600
US.BAC,0,12/12/16,09:31:13,23.070000000,200
US.BAC,0,12/12/16,09:31:13,23.070000000,100
US.BAC,0,12/12/16,09:31:13,23.070000000,1600
US.BAC,0,12/12/16,09:31:13,23.070000000,100
US.BAC,0,12/12/16,09:31:13,23.070000000,200
US.BAC,0,12/12/16,09:31:13,23.070000000,300
US.BAC,0,12/12/16,09:31:13,23.070000000,144
US.BAC,0,12/12/16,09:31:13,23.070000000,100
US.BAC,0,12/12/16,09:31:13,23.070000000,300
US.BAC,0,12/12/16,09:31:13,23.070000000,1600
US.BAC,0,12/12/16,09:31:13,23.070000000,300
US.BAC,0,12/12/16,09:31:13,23.070000000,300
US.BAC,0,12/12/16,09:31:13,23.070000000,1600
US.BAC,0,12/12/16,09:31:13,23.070000000,100
US.BAC,0,12/12/16,09:31:13,23.080000000,500
US.BAC,0,12/12/16,09:31:13,23.080000000,400
US.BAC,0,12/12/16,09:31:13,23.070000000,1300
US.BAC,0,12/12/16,09:31:13,23.070000000,100
US.BAC,0,12/12/16,09:31:13,23.070000000,400
US.BAC,0,12/12/16,09:31:13,23.070000000,300
US.BAC,0,12/12/16,09:31:13,23.070000000,100
US.BAC,0,12/12/16,09:31:13,23.070000000,700
US.BAC,0,12/12/16,09:31:13,23.070000000,100
US.BAC,0,12/12/16,09:31:13,23.080000000,1600
US.BAC,0,12/12/16,09:31:13,23.080000000,1400
US.BAC,0,12/12/16,09:31:13,23.080000000,500
US.BAC,0,12/12/16,09:31:13,23.080000000,200
US.BAC,0,12/12/16,09:31:14,23.080000000,1600
US.BAC,0,12/12/16,09:31:14,23.080000000,300
US.BAC,0,12/12/16,09:31:14,23.080000000,200
US.BAC,0,12/12/16,09:31:14,23.080000000,300
US.BAC,0,12/12/16,09:31:14,23.080000000,1600
US.BAC,0,12/12/16,09:31:14,23.080000000,200
US.BAC,0,12/12/16,09:31:14,23.080000000,200
US.BAC,0,12/12/16,09:31:14,23.080000000,200
US.BAC,0,12/12/16,09:31:14,23.080000000,200
US.BAC,0,12/12/16,09:31:14,23.080000000,500
US.BAC,0,12/12/16,09:31:14,23.080000000,500
US.BAC,0,12/12/16,09:31:14,23.080000000,100
US.BAC,0,12/12/16,09:31:14,23.080000000,400
US.BAC,0,12/12/16,09:31:14,23.080000000,200
US.BAC,0,12/12/16,09:31:14,23.080000000,200
US.BAC,0,12/12/16,09:31:14,23.080000000,500
US.BAC,0,12/12/16,09:31:14,23.080000000,200
US.BAC,0,12/12/16,09:31:15,23.080000000,100
US.BAC,0,12/12/16,09:31:15,23.080000000,1600
US.BAC,0,12/12/16,09:31:15,23.080000000,300
US.BAC,0,12/12/16,09:31:15,23.080000000,500
US.BAC,0,12/12/16,09:31:15,23.080000000,200
US.BAC,0,12/12/16,09:31:15,23.080000000,200
US.BAC,0,12/12/16,09:31:15,23.080000000,200
US.BAC,0,12/12/16,09:31:16,23.085000000,600
US.BAC,0,12/12/16,09:31:16,23.090000000,100
US.BAC,0,12/12/16,09:31:16,23.090000000,200
US.BAC,0,12/12/16,09:31:16,23.090000000,100
US.BAC,0,12/12/16,09:31:16,23.090000000,100
US.BAC,0,12/12/16,09:31:20,23.110000000,200
US.BAC,0,12/12/16,09:31:20,23.110000000,1800
US.BAC,0,12/12/16,09:31:20,23.110000000,100
US.BAC,0,12/12/16,09:31:20,23.110000000,500
US.BAC,0,12/12/16,09:31:20,23.110000000,900
US.BAC,0,12/12/16,09:31:20,23.110000000,200
US.BAC,0,12/12/16,09:31:20,23.110000000,200
US.BAC,0,12/12/16,09:31:20,23.110000000,200
US.BAC,0,12/12/16,09:31:20,23.110000000,300
US.BAC,0,12/12/16,09:31:20,23.105000000,200
US.BAC,0,12/12/16,09:31:21,23.115000000,200
US.BAC,0,12/12/16,09:31:21,23.110000000,400
US.BAC,0,12/12/16,09:31:21,23.120000000,500
US.BAC,0,12/12/16,09:31:21,23.120000000,200
US.BAC,0,12/12/16,09:31:21,23.120000000,200
US.BAC,0,12/12/16,09:31:21,23.120000000,1600
US.BAC,0,12/12/16,09:31:21,23.120000000,1000
US.BAC,0,12/12/16,09:31:21,23.120000000,500
US.BAC,0,12/12/16,09:31:21,23.120000000,1300
US.BAC,0,12/12/16,09:31:21,23.120000000,500
US.BAC,0,12/12/16,09:31:21,23.120000000,200
US.BAC,0,12/12/16,09:31:21,23.120000000,100
US.BAC,0,12/12/16,09:31:21,23.120000000,100
US.BAC,0,12/12/16,09:31:21,23.120000000,200
US.BAC,0,12/12/16,09:31:21,23.120000000,900
US.BAC,0,12/12/16,09:31:23,23.130000000,200
US.BAC,0,12/12/16,09:31:23,23.130000000,1800
US.BAC,0,12/12/16,09:31:23,23.130000000,500
US.BAC,0,12/12/16,09:31:23,23.130000000,100
US.BAC,0,12/12/16,09:31:23,23.130000000,600
US.BAC,0,12/12/16,09:31:23,23.130000000,200
US.BAC,0,12/12/16,09:31:23,23.130000000,100
US.BAC,0,12/12/16,09:31:23,23.130000000,120
US.BAC,0,12/12/16,09:31:23,23.130000000,100
US.BAC,0,12/12/16,09:31:24,23.130000000,100
US.BAC,0,12/12/16,09:31:24,23.130000000,100
US.BAC,0,12/12/16,09:31:24,23.130000000,200
US.BAC,0,12/12/16,09:31:24,23.130000000,200
US.BAC,0,12/12/16,09:31:24,23.130000000,500
US.BAC,0,12/12/16,09:31:26,23.130000000,300
US.BAC,0,12/12/16,09:31:26,23.130000000,300
US.BAC,0,12/12/16,09:31:26,23.125000000,100
US.BAC,0,12/12/16,09:31:26,23.130000000,100
US.BAC,0,12/12/16,09:31:26,23.130000000,100
US.BAC,0,12/12/16,09:31:26,23.130000000,100
US.BAC,0,12/12/16,09:31:26,23.130000000,100
US.BAC,0,12/12/16,09:31:26,23.130000000,600
US.BAC,0,12/12/16,09:31:27,23.130000000,100
US.BAC,0,12/12/16,09:31:27,23.130000000,400
US.BAC,0,12/12/16,09:31:27,23.130000000,600
US.BAC,0,12/12/16,09:31:27,23.130000000,200
US.BAC,0,12/12/16,09:31:27,23.130000000,1800
US.BAC,0,12/12/16,09:31:27,23.130000000,200
US.BAC,0,12/12/16,09:31:27,23.130000000,200
US.BAC,0,12/12/16,09:31:27,23.130000000,200
US.BAC,0,12/12/16,09:31:27,23.130000000,200
US.BAC,0,12/12/16,09:31:27,23.130000000,300
US.BAC,0,12/12/16,09:31:27,23.130000000,500
US.BAC,0,12/12/16,09:31:27,23.130000000,600
US.BAC,0,12/12/16,09:31:27,23.130000000,200
US.BAC,0,12/12/16,09:31:27,23.130000000,1000
US.BAC,0,12/12/16,09:31:27,23.130000000,300
US.BAC,0,12/12/16,09:31:27,23.120000000,200
US.BAC,0,12/12/16,09:31:27,23.120000000,200
US.BAC,0,12/12/16,09:31:27,23.120000000,200
US.BAC,0,12/12/16,09:31:27,23.120000000,200
US.BAC,0,12/12/16,09:31:27,23.120000000,500
US.BAC,0,12/12/16,09:31:27,23.120000000,300
US.BAC,0,12/12/16,09:31:27,23.120000000,200
US.BAC,0,12/12/16,09:31:27,23.120000000,200
US.BAC,0,12/12/16,09:31:28,23.120000000,100
US.BAC,0,12/12/16,09:31:28,23.120000000,300
US.BAC,0,12/12/16,09:31:28,23.120000000,600
US.BAC,0,12/12/16,09:31:29,23.120000000,100
US.BAC,0,12/12/16,09:31:29,23.110000000,275
US.BAC,0,12/12/16,09:31:29,23.110000000,200
US.BAC,0,12/12/16,09:31:29,23.110000000,100
US.BAC,0,12/12/16,09:31:29,23.110000000,100
US.BAC,0,12/12/16,09:31:29,23.110000000,100
US.BAC,0,12/12/16,09:31:29,23.110000000,100
US.BAC,0,12/12/16,09:31:29,23.110000000,100
US.BAC,0,12/12/16,09:31:29,23.110000000,700
US.BAC,0,12/12/16,09:31:29,23.110000000,200
US.BAC,0,12/12/16,09:31:29,23.110000000,400
US.BAC,0,12/12/16,09:31:29,23.110000000,400
US.BAC,0,12/12/16,09:31:29,23.110000000,600
US.BAC,0,12/12/16,09:31:29,23.110000000,100
US.BAC,0,12/12/16,09:31:29,23.110000000,440
US.BAC,0,12/12/16,09:31:29,23.110000000,100
US.BAC,0,12/12/16,09:31:29,23.110000000,200
US.BAC,0,12/12/16,09:31:29,23.110000000,100
US.BAC,0,12/12/16,09:31:30,23.120000000,200
US.BAC,0,12/12/16,09:31:30,23.120000000,200
US.BAC,0,12/12/16,09:31:30,23.120000000,200
US.BAC,0,12/12/16,09:31:30,23.120000000,600
US.BAC,0,12/12/16,09:31:30,23.120000000,200
US.BAC,0,12/12/16,09:31:31,23.130000000,300
US.BAC,0,12/12/16,09:31:31,23.130000000,181
US.BAC,0,12/12/16,09:31:31,23.135000000,200
US.BAC,0,12/12/16,09:31:31,23.130000000,1800
US.BAC,0,12/12/16,09:31:31,23.130000000,400
US.BAC,0,12/12/16,09:31:31,23.130000000,1800
US.BAC,0,12/12/16,09:31:31,23.130000000,200
US.BAC,0,12/12/16,09:31:31,23.130000000,500
US.BAC,0,12/12/16,09:31:31,23.130000000,200
US.BAC,0,12/12/16,09:31:31,23.130000000,200
US.BAC,0,12/12/16,09:31:31,23.130000000,600
US.BAC,0,12/12/16,09:31:31,23.130000000,200
US.BAC,0,12/12/16,09:31:31,23.130000000,200
US.BAC,0,12/12/16,09:31:31,23.130000000,100
US.BAC,0,12/12/16,09:31:31,23.130000000,600
US.BAC,0,12/12/16,09:31:31,23.120000000,100
US.BAC,0,12/12/16,09:31:32,23.120000000,300
US.BAC,0,12/12/16,09:31:32,23.120000000,600
US.BAC,0,12/12/16,09:31:33,23.130000000,1800
US.BAC,0,12/12/16,09:31:34,23.130000000,200
US.BAC,0,12/12/16,09:31:34,23.130000000,100
US.BAC,0,12/12/16,09:31:34,23.130000000,100
US.BAC,0,12/12/16,09:31:34,23.130000000,500
US.BAC,0,12/12/16,09:31:34,23.130000000,100
US.BAC,0,12/12/16,09:31:35,23.125000000,100
US.BAC,0,12/12/16,09:31:35,23.135000000,400
US.BAC,0,12/12/16,09:31:36,23.140000000,300
US.BAC,0,12/12/16,09:31:40,23.130000000,200
US.BAC,0,12/12/16,09:31:40,23.130000000,100
US.BAC,0,12/12/16,09:31:40,23.130000000,100
US.BAC,0,12/12/16,09:31:41,23.130000000,400
US.BAC,0,12/12/16,09:31:41,23.130000000,200
US.BAC,0,12/12/16,09:31:41,23.120000000,100
US.BAC,0,12/12/16,09:31:41,23.120000000,400
US.BAC,0,12/12/16,09:31:41,23.120000000,200
US.BAC,0,12/12/16,09:31:41,23.120000000,500
US.BAC,0,12/12/16,09:31:41,23.120000000,100
US.BAC,0,12/12/16,09:31:41,23.120000000,100
US.BAC,0,12/12/16,09:31:42,23.120000000,100
US.BAC,0,12/12/16,09:31:43,23.120000000,900
US.BAC,0,12/12/16,09:31:43,23.120000000,100
US.BAC,0,12/12/16,09:31:47,23.130000000,1800
US.BAC,0,12/12/16,09:31:47,23.130000000,200
US.BAC,0,12/12/16,09:31:47,23.130000000,200
US.BAC,0,12/12/16,09:31:47,23.130000000,200
US.BAC,0,12/12/16,09:31:47,23.130000000,100
US.BAC,0,12/12/16,09:31:47,23.130000000,600
US.BAC,0,12/12/16,09:31:47,23.130000000,100
US.BAC,0,12/12/16,09:31:47,23.120000000,200
US.BAC,0,12/12/16,09:31:48,23.140000000,100
US.BAC,0,12/12/16,09:31:48,23.140000000,1706
US.BAC,0,12/12/16,09:31:48,23.140000000,300
US.BAC,0,12/12/16,09:31:48,23.140000000,1800
US.BAC,0,12/12/16,09:31:48,23.140000000,400
US.BAC,0,12/12/16,09:31:48,23.140000000,200
US.BAC,0,12/12/16,09:31:48,23.140000000,500
US.BAC,0,12/12/16,09:31:48,23.140000000,200
US.BAC,0,12/12/16,09:31:48,23.140000000,200
US.BAC,0,12/12/16,09:31:48,23.140000000,600
US.BAC,0,12/12/16,09:31:48,23.140000000,200
US.BAC,0,12/12/16,09:31:48,23.140000000,500
US.BAC,0,12/12/16,09:31:48,23.140000000,200
US.BAC,0,12/12/16,09:31:48,23.145000000,100
US.BAC,0,12/12/16,09:31:49,23.135000000,200
US.BAC,0,12/12/16,09:31:50,23.140000000,400
US.BAC,0,12/12/16,09:31:50,23.140000000,600
US.BAC,0,12/12/16,09:31:51,23.145000000,100
US.BAC,0,12/12/16,09:31:52,23.140000000,200
US.BAC,0,12/12/16,09:31:52,23.140000000,200
US.BAC,0,12/12/16,09:31:52,23.140000000,200
US.BAC,0,12/12/16,09:31:52,23.140000000,100
US.BAC,0,12/12/16,09:31:52,23.140000000,100
US.BAC,0,12/12/16,09:31:53,23.140000000,1700
US.BAC,0,12/12/16,09:31:53,23.140000000,200
US.BAC,0,12/12/16,09:31:53,23.140000000,200
US.BAC,0,12/12/16,09:31:55,23.150000000,200
US.BAC,0,12/12/16,09:31:55,23.150000000,200
US.BAC,0,12/12/16,09:31:56,23.150000000,1800
US.BAC,0,12/12/16,09:31:56,23.150000000,200
US.BAC,0,12/12/16,09:31:56,23.150000000,200
US.BAC,0,12/12/16,09:31:56,23.150000000,200
US.BAC,0,12/12/16,09:31:56,23.150000000,500
US.BAC,0,12/12/16,09:31:56,23.150000000,400
US.BAC,0,12/12/16,09:31:56,23.150000000,100
US.BAC,0,12/12/16,09:31:57,23.150000000,180
US.BAC,0,12/12/16,09:31:57,23.150000000,100
US.BAC,0,12/12/16,09:31:57,23.150000000,1000
US.BAC,0,12/12/16,09:31:58,23.150000000,500
US.BAC,0,12/12/16,09:31:59,23.160000000,100
US.BAC,0,12/12/16,09:31:59,23.160000000,100
US.BAC,0,12/12/16,09:32:01,23.165000000,144
US.BAC,0,12/12/16,09:32:03,23.160000000,400
US.BAC,0,12/12/16,09:32:03,23.160000000,500
US.BAC,0,12/12/16,09:32:03,23.150000000,467
US.BAC,0,12/12/16,09:32:03,23.150000000,100
US.BAC,0,12/12/16,09:32:03,23.145000000,100
US.BAC,0,12/12/16,09:32:03,23.140000000,200
US.BAC,0,12/12/16,09:32:03,23.140000000,348
US.BAC,0,12/12/16,09:32:03,23.140000000,100
US.BAC,0,12/12/16,09:32:05,23.150000000,100
US.BAC,0,12/12/16,09:32:07,23.150000000,400
US.BAC,0,12/12/16,09:32:07,23.150000000,164
US.BAC,0,12/12/16,09:32:07,23.150000000,1711
US.BAC,0,12/12/16,09:32:07,23.150000000,400
US.BAC,0,12/12/16,09:32:07,23.150000000,500
US.BAC,0,12/12/16,09:32:07,23.150000000,500
US.BAC,0,12/12/16,09:32:07,23.150000000,200
US.BAC,0,12/12/16,09:32:07,23.150000000,100
US.BAC,0,12/12/16,09:32:07,23.150000000,200
US.BAC,0,12/12/16,09:32:07,23.150000000,200
US.BAC,0,12/12/16,09:32:07,23.150000000,200
US.BAC,0,12/12/16,09:32:07,23.150000000,600
US.BAC,0,12/12/16,09:32:07,23.150000000,200
US.BAC,0,12/12/16,09:32:07,23.150000000,200
US.BAC,0,12/12/16,09:32:07,23.150000000,2700
US.BAC,0,12/12/16,09:32:07,23.150000000,100
US.BAC,0,12/12/16,09:32:07,23.150000000,100
US.BAC,0,12/12/16,09:32:07,23.150000000,100
US.BAC,0,12/12/16,09:32:07,23.150000000,200
US.BAC,0,12/12/16,09:32:10,23.150000000,600
US.BAC,0,12/12/16,09:32:10,23.150000000,450
US.BAC,0,12/12/16,09:32:14,23.150000000,100
US.BAC,0,12/12/16,09:32:14,23.150000000,100
US.BAC,0,12/12/16,09:32:14,23.150000000,100
US.BAC,0,12/12/16,09:32:16,23.140000000,500
US.BAC,0,12/12/16,09:32:16,23.140000000,100
US.BAC,0,12/12/16,09:32:16,23.140000000,100
US.BAC,0,12/12/16,09:32:16,23.140000000,200
US.BAC,0,12/12/16,09:32:21,23.145000000,100
US.BAC,0,12/12/16,09:32:25,23.140000000,400
US.BAC,0,12/12/16,09:32:25,23.140000000,100
US.BAC,0,12/12/16,09:32:25,23.135000000,100
US.BAC,0,12/12/16,09:32:25,23.135000000,100
US.BAC,0,12/12/16,09:32:25,23.130000000,500
US.BAC,0,12/12/16,09:32:25,23.130000000,200
US.BAC,0,12/12/16,09:32:25,23.130000000,300
US.BAC,0,12/12/16,09:32:25,23.130000000,300
US.BAC,0,12/12/16,09:32:25,23.130000000,100
US.BAC,0,12/12/16,09:32:27,23.130000000,100
US.BAC,0,12/12/16,09:32:27,23.130000000,600
US.BAC,0,12/12/16,09:32:29,23.130000000,400
US.BAC,0,12/12/16,09:32:29,23.130000000,100
US.BAC,0,12/12/16,09:32:29,23.130000000,400
US.BAC,0,12/12/16,09:32:29,23.130000000,200
US.BAC,0,12/12/16,09:32:33,23.130000000,100
US.BAC,0,12/12/16,09:32:33,23.130000000,100
US.BAC,0,12/12/16,09:32:34,23.135000000,400
US.BAC,0,12/12/16,09:32:34,23.135000000,400
US.BAC,0,12/12/16,09:32:37,23.140000000,100
US.BAC,0,12/12/16,09:32:37,23.140000000,200
US.BAC,0,12/12/16,09:32:37,23.140000000,100
US.BAC,0,12/12/16,09:32:37,23.140000000,200
US.BAC,0,12/12/16,09:32:37,23.140000000,100
US.BAC,0,12/12/16,09:32:37,23.140000000,100
US.BAC,0,12/12/16,09:32:38,23.145000000,100
US.BAC,0,12/12/16,09:32:38,23.140000000,100
US.BAC,0,12/12/16,09:32:38,23.140000000,100
US.BAC,0,12/12/16,09:32:38,23.145000000,100
US.BAC,0,12/12/16,09:32:38,23.145000000,200
US.BAC,0,12/12/16,09:32:38,23.145000000,100
US.BAC,0,12/12/16,09:32:40,23.140000000,100
US.BAC,0,12/12/16,09:32:40,23.140000000,300
US.BAC,0,12/12/16,09:32:40,23.140000000,100
US.BAC,0,12/12/16,09:32:40,23.140000000,200
US.BAC,0,12/12/16,09:32:40,23.140000000,200
US.BAC,0,12/12/16,09:32:40,23.140000000,200
US.BAC,0,12/12/16,09:32:40,23.140000000,200
US.BAC,0,12/12/16,09:32:40,23.140000000,130
US.BAC,0,12/12/16,09:32:40,23.140000000,300
US.BAC,0,12/12/16,09:32:40,23.140000000,100
US.BAC,0,12/12/16,09:32:40,23.140000000,100
US.BAC,0,12/12/16,09:32:40,23.150000000,400
US.BAC,0,12/12/16,09:32:40,23.150000000,100
US.BAC,0,12/12/16,09:32:40,23.150000000,500
US.BAC,0,12/12/16,09:32:40,23.150000000,200
US.BAC,0,12/12/16,09:32:40,23.150000000,200
US.BAC,0,12/12/16,09:32:40,23.150000000,200
US.BAC,0,12/12/16,09:32:40,23.150000000,200
US.BAC,0,12/12/16,09:32:40,23.150000000,1307
US.BAC,0,12/12/16,09:32:40,23.150000000,100
US.BAC,0,12/12/16,09:32:40,23.150000000,600
US.BAC,0,12/12/16,09:32:40,23.150000000,500
US.BAC,0,12/12/16,09:32:40,23.150000000,300
US.BAC,0,12/12/16,09:32:40,23.150000000,100
US.BAC,0,12/12/16,09:32:40,23.150000000,400
US.BAC,0,12/12/16,09:32:42,23.155000000,200
US.BAC,0,12/12/16,09:32:42,23.155000000,200
US.BAC,0,12/12/16,09:32:43,23.160000000,100
US.BAC,0,12/12/16,09:32:43,23.160000000,400
US.BAC,0,12/12/16,09:32:43,23.160000000,200
US.BAC,0,12/12/16,09:32:43,23.160000000,400
US.BAC,0,12/12/16,09:32:45,23.165000000,200
US.BAC,0,12/12/16,09:32:45,23.160000000,500
US.BAC,0,12/12/16,09:32:45,23.160000000,800
US.BAC,0,12/12/16,09:32:45,23.160000000,200
US.BAC,0,12/12/16,09:32:45,23.160000000,400
US.BAC,0,12/12/16,09:32:45,23.160000000,1000
US.BAC,0,12/12/16,09:32:45,23.160000000,200
US.BAC,0,12/12/16,09:32:45,23.160000000,500
US.BAC,0,12/12/16,09:32:45,23.160000000,200
US.BAC,0,12/12/16,09:32:45,23.160000000,200
US.BAC,0,12/12/16,09:32:45,23.160000000,400
US.BAC,0,12/12/16,09:32:53,23.170000000,400
US.BAC,0,12/12/16,09:32:53,23.170000000,100
US.BAC,0,12/12/16,09:32:53,23.170000000,100
US.BAC,0,12/12/16,09:32:53,23.180000000,400
US.BAC,0,12/12/16,09:32:54,23.180000000,400
US.BAC,0,12/12/16,09:32:55,23.170000000,400
US.BAC,0,12/12/16,09:32:55,23.170000000,200
US.BAC,0,12/12/16,09:32:55,23.165000000,200
US.BAC,0,12/12/16,09:32:55,23.160000000,926
US.BAC,0,12/12/16,09:32:55,23.160000000,400
US.BAC,0,12/12/16,09:32:55,23.160000000,200
US.BAC,0,12/12/16,09:32:55,23.160000000,400
US.BAC,0,12/12/16,09:32:56,23.165000000,200
US.BAC,0,12/12/16,09:32:56,23.160000000,400
US.BAC,0,12/12/16,09:32:56,23.160000000,300
US.BAC,0,12/12/16,09:32:56,23.160000000,400
US.BAC,0,12/12/16,09:32:56,23.160000000,100
US.BAC,0,12/12/16,09:32:57,23.170000000,600
US.BAC,0,12/12/16,09:32:57,23.170000000,296
US.BAC,0,12/12/16,09:32:57,23.170000000,200
US.BAC,0,12/12/16,09:32:59,23.160000000,396
US.BAC,0,12/12/16,09:32:59,23.160000000,102
US.BAC,0,12/12/16,09:32:59,23.160000000,1502
US.BAC,0,12/12/16,09:32:59,23.170000000,200
US.BAC,0,12/12/16,09:33:00,23.170000000,100
US.BAC,0,12/12/16,09:33:00,23.170000000,100
US.BAC,0,12/12/16,09:33:00,23.170000000,500
US.BAC,0,12/12/16,09:33:01,23.165000000,400
US.BAC,0,12/12/16,09:33:01,23.160000000,400
US.BAC,0,12/12/16,09:33:01,23.160000000,400
US.BAC,0,12/12/16,09:33:01,23.160000000,500
US.BAC,0,12/12/16,09:33:01,23.160000000,200
US.BAC,0,12/12/16,09:33:01,23.160000000,200
US.BAC,0,12/12/16,09:33:01,23.160000000,200
US.BAC,0,12/12/16,09:33:01,23.160000000,300
US.BAC,0,12/12/16,09:33:01,23.160000000,200
US.BAC,0,12/12/16,09:33:01,23.150000000,200
US.BAC,0,12/12/16,09:33:01,23.150000000,400
US.BAC,0,12/12/16,09:33:01,23.150000000,400
US.BAC,0,12/12/16,09:33:01,23.150000000,500
US.BAC,0,12/12/16,09:33:01,23.150000000,200
US.BAC,0,12/12/16,09:33:01,23.150000000,400
US.BAC,0,12/12/16,09:33:01,23.150000000,400
US.BAC,0,12/12/16,09:33:01,23.150000000,400
US.BAC,0,12/12/16,09:33:01,23.150000000,400
US.BAC,0,12/12/16,09:33:01,23.150000000,400
US.BAC,0,12/12/16,09:33:01,23.145000000,200
US.BAC,0,12/12/16,09:33:01,23.140000000,100
US.BAC,0,12/12/16,09:33:01,23.140000000,300
US.BAC,0,12/12/16,09:33:01,23.140000000,400
US.BAC,0,12/12/16,09:33:01,23.140000000,400
US.BAC,0,12/12/16,09:33:01,23.140000000,600
US.BAC,0,12/12/16,09:33:01,23.140000000,300
US.BAC,0,12/12/16,09:33:01,23.140000000,600
US.BAC,0,12/12/16,09:33:01,23.140000000,500
US.BAC,0,12/12/16,09:33:01,23.140000000,1200
US.BAC,0,12/12/16,09:33:01,23.140000000,800
US.BAC,0,12/12/16,09:33:01,23.140000000,700
US.BAC,0,12/12/16,09:33:01,23.140000000,300
US.BAC,0,12/12/16,09:33:01,23.140000000,200
US.BAC,0,12/12/16,09:33:01,23.140000000,200
US.BAC,0,12/12/16,09:33:02,23.140000000,100
US.BAC,0,12/12/16,09:33:03,23.145000000,200
US.BAC,0,12/12/16,09:33:03,23.150000000,100
US.BAC,0,12/12/16,09:33:03,23.150000000,100
US.BAC,0,12/12/16,09:33:03,23.150000000,200
US.BAC,0,12/12/16,09:33:05,23.150000000,100
US.BAC,0,12/12/16,09:33:06,23.145000000,100
US.BAC,0,12/12/16,09:33:06,23.145000000,100
US.BAC,0,12/12/16,09:33:06,23.145000000,400
US.BAC,0,12/12/16,09:33:06,23.145000000,100
US.BAC,0,12/12/16,09:33:09,23.140000000,200
US.BAC,0,12/12/16,09:33:09,23.140000000,100
US.BAC,0,12/12/16,09:33:09,23.140000000,200
US.BAC,0,12/12/16,09:33:09,23.135000000,100
US.BAC,0,12/12/16,09:33:12,23.130000000,400
US.BAC,0,12/12/16,09:33:12,23.130000000,200
US.BAC,0,12/12/16,09:33:12,23.130000000,100
US.BAC,0,12/12/16,09:33:12,23.130000000,700
US.BAC,0,12/12/16,09:33:12,23.130000000,700
US.BAC,0,12/12/16,09:33:12,23.130000000,500
US.BAC,0,12/12/16,09:33:12,23.130000000,400
US.BAC,0,12/12/16,09:33:12,23.130000000,200
US.BAC,0,12/12/16,09:33:12,23.130000000,200
US.BAC,0,12/12/16,09:33:12,23.130000000,200
US.BAC,0,12/12/16,09:33:12,23.130000000,200
US.BAC,0,12/12/16,09:33:12,23.130000000,500
US.BAC,0,12/12/16,09:33:12,23.130000000,200
US.BAC,0,12/12/16,09:33:12,23.130000000,200
US.BAC,0,12/12/16,09:33:12,23.135000000,200
US.BAC,0,12/12/16,09:33:12,23.135000000,400
US.BAC,0,12/12/16,09:33:12,23.130000000,400
US.BAC,0,12/12/16,09:33:12,23.130000000,400
US.BAC,0,12/12/16,09:33:14,23.135000000,400
US.BAC,0,12/12/16,09:33:16,23.140000000,177
US.BAC,0,12/12/16,09:33:16,23.140000000,504
US.BAC,0,12/12/16,09:33:16,23.140000000,303
US.BAC,0,12/12/16,09:33:16,23.140000000,700
US.BAC,0,12/12/16,09:33:16,23.150000000,300
US.BAC,0,12/12/16,09:33:16,23.150000000,400
US.BAC,0,12/12/16,09:33:18,23.160000000,1100
US.BAC,0,12/12/16,09:33:18,23.160000000,400
US.BAC,0,12/12/16,09:33:19,23.160000000,2200
US.BAC,0,12/12/16,09:33:19,23.160000000,200
US.BAC,0,12/12/16,09:33:19,23.160000000,200
US.BAC,0,12/12/16,09:33:19,23.160000000,500
US.BAC,0,12/12/16,09:33:19,23.160000000,200
US.BAC,0,12/12/16,09:33:19,23.160000000,4992
US.BAC,0,12/12/16,09:33:19,23.150000000,200
US.BAC,0,12/12/16,09:33:19,23.150000000,300
US.BAC,0,12/12/16,09:33:19,23.150000000,200
US.BAC,0,12/12/16,09:33:19,23.150000000,100
US.BAC,0,12/12/16,09:33:19,23.150000000,500
US.BAC,0,12/12/16,09:33:21,23.145000000,200
US.BAC,0,12/12/16,09:33:21,23.145000000,400
US.BAC,0,12/12/16,09:33:22,23.150000000,238
US.BAC,0,12/12/16,09:33:22,23.150000000,562
US.BAC,0,12/12/16,09:33:22,23.150000000,500
US.BAC,0,12/12/16,09:33:24,23.160000000,400
US.BAC,0,12/12/16,09:33:24,23.160000000,100
US.BAC,0,12/12/16,09:33:24,23.160000000,500
US.BAC,0,12/12/16,09:33:24,23.160000000,200
US.BAC,0,12/12/16,09:33:24,23.160000000,100
US.BAC,0,12/12/16,09:33:28,23.160000000,100
US.BAC,0,12/12/16,09:33:30,23.170000000,400
US.BAC,0,12/12/16,09:33:30,23.170000000,300
US.BAC,0,12/12/16,09:33:35,23.170000000,1500
US.BAC,0,12/12/16,09:33:35,23.170000000,100
US.BAC,0,12/12/16,09:33:35,23.170000000,300
US.BAC,0,12/12/16,09:33:35,23.170000000,100
US.BAC,0,12/12/16,09:33:43,23.180000000,100
US.BAC,0,12/12/16,09:33:43,23.180000000,100
US.BAC,0,12/12/16,09:33:52,23.175000000,200
US.BAC,0,12/12/16,09:33:52,23.170000000,100
US.BAC,0,12/12/16,09:33:52,23.165000000,200
US.BAC,0,12/12/16,09:33:53,23.165000000,400
US.BAC,0,12/12/16,09:34:00,23.170000000,400
US.BAC,0,12/12/16,09:34:00,23.170000000,100
US.BAC,0,12/12/16,09:34:00,23.170000000,100
US.BAC,0,12/12/16,09:34:00,23.170000000,100
US.BAC,0,12/12/16,09:34:00,23.175000000,100
US.BAC,0,12/12/16,09:34:01,23.170000000,200
US.BAC,0,12/12/16,09:34:01,23.170000000,2100
US.BAC,0,12/12/16,09:34:06,23.160000000,400
US.BAC,0,12/12/16,09:34:06,23.160000000,100
US.BAC,0,12/12/16,09:34:12,23.155000000,100
US.BAC,0,12/12/16,09:34:12,23.155000000,400
US.BAC,0,12/12/16,09:34:13,23.155000000,200
US.BAC,0,12/12/16,09:34:13,23.150000000,300
US.BAC,0,12/12/16,09:34:13,23.150000000,500
US.BAC,0,12/12/16,09:34:13,23.150000000,604
US.BAC,0,12/12/16,09:34:14,23.145000000,400
US.BAC,0,12/12/16,09:34:15,23.150000000,123
US.BAC,0,12/12/16,09:34:15,23.150000000,200
US.BAC,0,12/12/16,09:34:15,23.150000000,500
US.BAC,0,12/12/16,09:34:18,23.155000000,200
US.BAC,0,12/12/16,09:34:18,23.155000000,200
US.BAC,0,12/12/16,09:34:20,23.155000000,200
US.BAC,0,12/12/16,09:34:20,23.155000000,100
US.BAC,0,12/12/16,09:34:20,23.155000000,200
US.BAC,0,12/12/16,09:34:20,23.150000000,1100
US.BAC,0,12/12/16,09:34:20,23.150000000,300
US.BAC,0,12/12/16,09:34:20,23.150000000,300
US.BAC,0,12/12/16,09:34:20,23.150000000,200
US.BAC,0,12/12/16,09:34:20,23.150000000,100
US.BAC,0,12/12/16,09:34:20,23.150000000,200
US.BAC,0,12/12/16,09:34:24,23.150000000,200
US.BAC,0,12/12/16,09:34:24,23.150000000,400
US.BAC,0,12/12/16,09:34:24,23.150000000,300
US.BAC,0,12/12/16,09:34:24,23.150000000,2200
US.BAC,0,12/12/16,09:34:24,23.150000000,200
US.BAC,0,12/12/16,09:34:25,23.145000000,100
US.BAC,0,12/12/16,09:34:28,23.145000000,200
US.BAC,0,12/12/16,09:34:28,23.145000000,100
US.BAC,0,12/12/16,09:34:29,23.150000000,400
US.BAC,0,12/12/16,09:34:29,23.150000000,500
US.BAC,0,12/12/16,09:34:29,23.150000000,2200
US.BAC,0,12/12/16,09:34:29,23.150000000,500
US.BAC,0,12/12/16,09:34:29,23.150000000,200
US.BAC,0,12/12/16,09:34:29,23.150000000,200
US.BAC,0,12/12/16,09:34:29,23.150000000,200
US.BAC,0,12/12/16,09:34:29,23.150000000,2200
US.BAC,0,12/12/16,09:34:29,23.150000000,409
US.BAC,0,12/12/16,09:34:30,23.150000000,200
US.BAC,0,12/12/16,09:34:30,23.150000000,300
US.BAC,0,12/12/16,09:34:30,23.150000000,400
US.BAC,0,12/12/16,09:34:30,23.150000000,300
US.BAC,0,12/12/16,09:34:30,23.145000000,400
US.BAC,0,12/12/16,09:34:32,23.140000000,500
US.BAC,0,12/12/16,09:34:32,23.140000000,500
US.BAC,0,12/12/16,09:34:32,23.140000000,500
US.BAC,0,12/12/16,09:34:34,23.135000000,200
US.BAC,0,12/12/16,09:34:41,23.130000000,400
US.BAC,0,12/12/16,09:34:41,23.130000000,200
US.BAC,0,12/12/16,09:34:41,23.130000000,100
US.BAC,0,12/12/16,09:34:41,23.130000000,400
US.BAC,0,12/12/16,09:34:41,23.130000000,200
US.BAC,0,12/12/16,09:34:43,23.130000000,200
US.BAC,0,12/12/16,09:34:43,23.130000000,400
US.BAC,0,12/12/16,09:34:43,23.130000000,200
US.BAC,0,12/12/16,09:34:45,23.130000000,400
US.BAC,0,12/12/16,09:34:45,23.130000000,500
US.BAC,0,12/12/16,09:34:49,23.135000000,400
US.BAC,0,12/12/16,09:34:49,23.135000000,200
US.BAC,0,12/12/16,09:34:54,23.135000000,200
US.BAC,0,12/12/16,09:34:54,23.135000000,200
US.BAC,0,12/12/16,09:34:54,23.130000000,100
US.BAC,0,12/12/16,09:34:54,23.130000000,100
US.BAC,0,12/12/16,09:34:54,23.130000000,200
US.BAC,0,12/12/16,09:34:54,23.130000000,200
US.BAC,0,12/12/16,09:34:54,23.130000000,200
US.BAC,0,12/12/16,09:34:54,23.130000000,500
US.BAC,0,12/12/16,09:34:54,23.130000000,200
US.BAC,0,12/12/16,09:34:54,23.130000000,400
US.BAC,0,12/12/16,09:34:54,23.130000000,300
US.BAC,0,12/12/16,09:34:54,23.130000000,200
US.BAC,0,12/12/16,09:34:58,23.130000000,100
US.BAC,0,12/12/16,09:34:58,23.130000000,800
US.BAC,0,12/12/16,09:34:58,23.130000000,300
US.BAC,0,12/12/16,09:34:58,23.130000000,100
US.BAC,0,12/12/16,09:35:01,23.140000000,300
US.BAC,0,12/12/16,09:35:01,23.140000000,200
US.BAC,0,12/12/16,09:35:01,23.140000000,1200
US.BAC,0,12/12/16,09:35:01,23.140000000,600
US.BAC,0,12/12/16,09:35:01,23.140000000,400
US.BAC,0,12/12/16,09:35:01,23.140000000,200
US.BAC,0,12/12/16,09:35:01,23.140000000,500
US.BAC,0,12/12/16,09:35:01,23.145000000,200
US.BAC,0,12/12/16,09:35:01,23.145000000,100
US.BAC,0,12/12/16,09:35:01,23.145000000,200
US.BAC,0,12/12/16,09:35:02,23.145000000,100
US.BAC,0,12/12/16,09:35:04,23.140000000,400
US.BAC,0,12/12/16,09:35:04,23.140000000,200
US.BAC,0,12/12/16,09:35:06,23.130000000,100
US.BAC,0,12/12/16,09:35:06,23.130000000,221
US.BAC,0,12/12/16,09:35:06,23.130000000,100
US.BAC,0,12/12/16,09:35:07,23.130000000,600
US.BAC,0,12/12/16,09:35:08,23.140000000,400
US.BAC,0,12/12/16,09:35:10,23.160000000,400
US.BAC,0,12/12/16,09:35:10,23.160000000,200
US.BAC,0,12/12/16,09:35:10,23.160000000,200
US.BAC,0,12/12/16,09:35:10,23.160000000,200
US.BAC,0,12/12/16,09:35:10,23.160000000,500
US.BAC,0,12/12/16,09:35:10,23.160000000,100
US.BAC,0,12/12/16,09:35:10,23.160000000,1900
US.BAC,0,12/12/16,09:35:10,23.165000000,100
US.BAC,0,12/12/16,09:35:10,23.160000000,400
US.BAC,0,12/12/16,09:35:10,23.160000000,1770
US.BAC,0,12/12/16,09:35:10,23.160000000,100
US.BAC,0,12/12/16,09:35:10,23.160000000,500
US.BAC,0,12/12/16,09:35:10,23.160000000,747
US.BAC,0,12/12/16,09:35:13,23.160000000,1100
US.BAC,0,12/12/16,09:35:13,23.160000000,600
US.BAC,0,12/12/16,09:35:13,23.160000000,100
US.BAC,0,12/12/16,09:35:13,23.160000000,2300
US.BAC,0,12/12/16,09:35:13,23.160000000,200
US.BAC,0,12/12/16,09:35:13,23.170000000,400
US.BAC,0,12/12/16,09:35:13,23.170000000,112
US.BAC,0,12/12/16,09:35:13,23.170000000,100
US.BAC,0,12/12/16,09:35:13,23.170000000,100
US.BAC,0,12/12/16,09:35:13,23.170000000,400
US.BAC,0,12/12/16,09:35:13,23.170000000,700
US.BAC,0,12/12/16,09:35:13,23.170000000,2200
US.BAC,0,12/12/16,09:35:13,23.170000000,100
US.BAC,0,12/12/16,09:35:13,23.170000000,13045
US.BAC,0,12/12/16,09:35:13,23.170000000,6104
US.BAC,0,12/12/16,09:35:13,23.170000000,851
US.BAC,0,12/12/16,09:35:15,23.165000000,200
US.BAC,0,12/12/16,09:35:15,23.165000000,200
US.BAC,0,12/12/16,09:35:17,23.160000000,1228
US.BAC,0,12/12/16,09:35:17,23.160000000,272
US.BAC,0,12/12/16,09:35:17,23.160000000,247
US.BAC,0,12/12/16,09:35:17,23.160000000,100
US.BAC,0,12/12/16,09:35:17,23.160000000,500
US.BAC,0,12/12/16,09:35:19,23.150000000,100
US.BAC,0,12/12/16,09:35:20,23.150000000,500
US.BAC,0,12/12/16,09:35:20,23.150000000,200
US.BAC,0,12/12/16,09:35:21,23.160000000,400
US.BAC,0,12/12/16,09:35:21,23.160000000,200
US.BAC,0,12/12/16,09:35:21,23.160000000,200
US.BAC,0,12/12/16,09:35:26,23.170000000,400
US.BAC,0,12/12/16,09:35:26,23.170000000,500
US.BAC,0,12/12/16,09:35:26,23.170000000,101
US.BAC,0,12/12/16,09:35:26,23.170000000,105
US.BAC,0,12/12/16,09:35:32,23.190000000,100
US.BAC,0,12/12/16,09:35:32,23.185000000,200
US.BAC,0,12/12/16,09:35:33,23.185000000,100
US.BAC,0,12/12/16,09:35:34,23.185000000,100
US.BAC,0,12/12/16,09:35:36,23.180000000,2100
US.BAC,0,12/12/16,09:35:36,23.180000000,200
US.BAC,0,12/12/16,09:35:36,23.180000000,100
US.BAC,0,12/12/16,09:35:38,23.180000000,200
US.BAC,0,12/12/16,09:35:41,23.190000000,100
US.BAC,0,12/12/16,09:35:42,23.190000000,270
US.BAC,0,12/12/16,09:35:42,23.190000000,100
US.BAC,0,12/12/16,09:35:46,23.195000000,200
US.BAC,0,12/12/16,09:35:46,23.190000000,400
US.BAC,0,12/12/16,09:35:46,23.190000000,200
US.BAC,0,12/12/16,09:35:46,23.190000000,300
US.BAC,0,12/12/16,09:35:46,23.190000000,1752
US.BAC,0,12/12/16,09:35:46,23.190000000,348
US.BAC,0,12/12/16,09:35:46,23.190000000,1000
US.BAC,0,12/12/16,09:35:46,23.190000000,100
US.BAC,0,12/12/16,09:35:47,23.190000000,600
US.BAC,0,12/12/16,09:35:47,23.190000000,260
US.BAC,0,12/12/16,09:35:49,23.185000000,200
US.BAC,0,12/12/16,09:35:49,23.180000000,600
US.BAC,0,12/12/16,09:35:49,23.180000000,100
US.BAC,0,12/12/16,09:35:49,23.180000000,100
US.BAC,0,12/12/16,09:35:49,23.180000000,300
US.BAC,0,12/12/16,09:35:49,23.180000000,100
US.BAC,0,12/12/16,09:35:49,23.180000000,100
US.BAC,0,12/12/16,09:35:49,23.180000000,460
US.BAC,0,12/12/16,09:35:49,23.180000000,100
US.BAC,0,12/12/16,09:35:49,23.180000000,100
US.BAC,0,12/12/16,09:35:49,23.180000000,100
US.BAC,0,12/12/16,09:35:49,23.180000000,300
US.BAC,0,12/12/16,09:35:49,23.180000000,3958
US.BAC,0,12/12/16,09:35:49,23.180000000,100
US.BAC,0,12/12/16,09:35:49,23.180000000,582
US.BAC,0,12/12/16,09:35:51,23.170000000,1600
US.BAC,0,12/12/16,09:35:51,23.170000000,400
US.BAC,0,12/12/16,09:35:51,23.170000000,200
US.BAC,0,12/12/16,09:35:51,23.170000000,200
US.BAC,0,12/12/16,09:35:51,23.170000000,100
US.BAC,0,12/12/16,09:35:51,23.170000000,500
US.BAC,0,12/12/16,09:35:51,23.170000000,800
US.BAC,0,12/12/16,09:35:51,23.170000000,100
US.BAC,0,12/12/16,09:35:51,23.170000000,100
US.BAC,0,12/12/16,09:35:51,23.170000000,100
US.BAC,0,12/12/16,09:35:51,23.170000000,400
US.BAC,0,12/12/16,09:35:51,23.170000000,100
US.BAC,0,12/12/16,09:35:51,23.170000000,100
US.BAC,0,12/12/16,09:35:51,23.170000000,100
US.BAC,0,12/12/16,09:35:51,23.170000000,100
US.BAC,0,12/12/16,09:35:51,23.170000000,100
US.BAC,0,12/12/16,09:35:51,23.170000000,100
US.BAC,0,12/12/16,09:35:51,23.170000000,100
US.BAC,0,12/12/16,09:35:51,23.175000000,200
US.BAC,0,12/12/16,09:35:53,23.170000000,100
US.BAC,0,12/12/16,09:35:53,23.170000000,100
US.BAC,0,12/12/16,09:35:53,23.170000000,100
US.BAC,0,12/12/16,09:35:53,23.170000000,100
US.BAC,0,12/12/16,09:35:53,23.170000000,200
US.BAC,0,12/12/16,09:35:53,23.170000000,100
US.BAC,0,12/12/16,09:35:53,23.170000000,100
US.BAC,0,12/12/16,09:35:53,23.170000000,100
US.BAC,0,12/12/16,09:35:53,23.170000000,100
US.BAC,0,12/12/16,09:35:53,23.170000000,100
US.BAC,0,12/12/16,09:35:53,23.170000000,100
US.BAC,0,12/12/16,09:35:53,23.170000000,100
US.BAC,0,12/12/16,09:35:53,23.170000000,100
US.BAC,0,12/12/16,09:35:53,23.170000000,100
US.BAC,0,12/12/16,09:35:53,23.170000000,100
US.BAC,0,12/12/16,09:35:53,23.170000000,100
US.BAC,0,12/12/16,09:35:53,23.170000000,100
US.BAC,0,12/12/16,09:35:56,23.160000000,400
US.BAC,0,12/12/16,09:35:56,23.160000000,500
US.BAC,0,12/12/16,09:35:56,23.160000000,1400
US.BAC,0,12/12/16,09:35:56,23.160000000,100
US.BAC,0,12/12/16,09:35:56,23.160000000,600
US.BAC,0,12/12/16,09:35:56,23.160000000,100
US.BAC,0,12/12/16,09:35:56,23.160000000,100
US.BAC,0,12/12/16,09:35:56,23.160000000,100
US.BAC,0,12/12/16,09:35:56,23.160000000,100
US.BAC,0,12/12/16,09:35:56,23.160000000,100
US.BAC,0,12/12/16,09:35:57,23.155000000,100
US.BAC,0,12/12/16,09:35:59,23.155000000,100
US.BAC,0,12/12/16,09:35:59,23.150000000,250
US.BAC,0,12/12/16,09:35:59,23.150000000,1750
US.BAC,0,12/12/16,09:35:59,23.150000000,100
US.BAC,0,12/12/16,09:35:59,23.150000000,300
US.BAC,0,12/12/16,09:35:59,23.150000000,100
US.BAC,0,12/12/16,09:35:59,23.150000000,100
US.BAC,0,12/12/16,09:35:59,23.150000000,100
US.BAC,0,12/12/16,09:35:59,23.150000000,100
US.BAC,0,12/12/16,09:35:59,23.150000000,1260
US.BAC,0,12/12/16,09:35:59,23.150000000,100
US.BAC,0,12/12/16,09:35:59,23.150000000,100
US.BAC,0,12/12/16,09:35:59,23.150000000,100
US.BAC,0,12/12/16,09:35:59,23.150000000,100
US.BAC,0,12/12/16,09:35:59,23.150000000,200
US.BAC,0,12/12/16,09:35:59,23.150000000,500
US.BAC,0,12/12/16,09:35:59,23.150000000,100
US.BAC,0,12/12/16,09:36:04,23.160000000,22100
US.BAC,0,12/12/16,09:36:04,23.160000000,200
US.BAC,0,12/12/16,09:36:04,23.170000000,100
US.BAC,0,12/12/16,09:36:06,23.170000000,300
US.BAC,0,12/12/16,09:36:06,23.170000000,400
US.BAC,0,12/12/16,09:36:06,23.170000000,500
US.BAC,0,12/12/16,09:36:08,23.180000000,198
US.BAC,0,12/12/16,09:36:08,23.180000000,500
US.BAC,0,12/12/16,09:36:12,23.185000000,100
US.BAC,0,12/12/16,09:36:17,23.190000000,100
US.BAC,0,12/12/16,09:36:17,23.190000000,294
US.BAC,0,12/12/16,09:36:17,23.190000000,100
US.BAC,0,12/12/16,09:36:22,23.190000000,400
US.BAC,0,12/12/16,09:36:22,23.190000000,200
US.BAC,0,12/12/16,09:36:22,23.190000000,100
US.BAC,0,12/12/16,09:36:26,23.180000000,1200
US.BAC,0,12/12/16,09:36:26,23.180000000,1000
US.BAC,0,12/12/16,09:36:26,23.180000000,100
US.BAC,0,12/12/16,09:36:26,23.180000000,100
US.BAC,0,12/12/16,09:36:26,23.180000000,100
US.BAC,0,12/12/16,09:36:26,23.180000000,100
US.BAC,0,12/12/16,09:36:26,23.180000000,100
US.BAC,0,12/12/16,09:36:26,23.170000000,100
US.BAC,0,12/12/16,09:36:26,23.170000000,600
US.BAC,0,12/12/16,09:36:26,23.170000000,400
US.BAC,0,12/12/16,09:36:28,23.170000000,100
US.BAC,0,12/12/16,09:36:28,23.170000000,300
US.BAC,0,12/12/16,09:36:28,23.165000000,200
US.BAC,0,12/12/16,09:36:31,23.165000000,300
US.BAC,0,12/12/16,09:36:31,23.165000000,100
US.BAC,0,12/12/16,09:36:31,23.165000000,200
US.BAC,0,12/12/16,09:36:31,23.160000000,200
US.BAC,0,12/12/16,09:36:34,23.160000000,200
US.BAC,0,12/12/16,09:36:34,23.160000000,500
US.BAC,0,12/12/16,09:36:34,23.160000000,200
US.BAC,0,12/12/16,09:36:34,23.160000000,300
US.BAC,0,12/12/16,09:36:34,23.160000000,100
US.BAC,0,12/12/16,09:36:34,23.160000000,247
US.BAC,0,12/12/16,09:36:34,23.160000000,100
US.BAC,0,12/12/16,09:36:34,23.160000000,100
US.BAC,0,12/12/16,09:36:37,23.165000000,100
US.BAC,0,12/12/16,09:36:41,23.165000000,757
US.BAC,0,12/12/16,09:36:41,23.165000000,200
US.BAC,0,12/12/16,09:36:52,23.170000000,370
US.BAC,0,12/12/16,09:36:52,23.170000000,124
US.BAC,0,12/12/16,09:36:56,23.170000000,100
US.BAC,0,12/12/16,09:36:56,23.170000000,200
US.BAC,0,12/12/16,09:36:57,23.170000000,100
US.BAC,0,12/12/16,09:37:11,23.180000000,400
US.BAC,0,12/12/16,09:37:11,23.180000000,700
US.BAC,0,12/12/16,09:37:11,23.180000000,300
US.BAC,0,12/12/16,09:37:11,23.180000000,2600
US.BAC,0,12/12/16,09:37:11,23.180000000,100
US.BAC,0,12/12/16,09:37:11,23.180000000,500
US.BAC,0,12/12/16,09:37:11,23.180000000,500
US.BAC,0,12/12/16,09:37:11,23.180000000,200
US.BAC,0,12/12/16,09:37:11,23.175000000,100
US.BAC,0,12/12/16,09:37:11,23.175000000,100
US.BAC,0,12/12/16,09:37:11,23.170000000,100
US.BAC,0,12/12/16,09:37:11,23.170000000,700
US.BAC,0,12/12/16,09:37:11,23.170000000,400
US.BAC,0,12/12/16,09:37:11,23.170000000,100
US.BAC,0,12/12/16,09:37:11,23.170000000,100
US.BAC,0,12/12/16,09:37:11,23.170000000,400
US.BAC,0,12/12/16,09:37:12,23.170000000,300
US.BAC,0,12/12/16,09:37:13,23.175000000,400
US.BAC,0,12/12/16,09:37:13,23.180000000,400
US.BAC,0,12/12/16,09:37:13,23.180000000,300
US.BAC,0,12/12/16,09:37:13,23.180000000,100
US.BAC,0,12/12/16,09:37:16,23.190000000,200
US.BAC,0,12/12/16,09:37:17,23.190000000,500
US.BAC,0,12/12/16,09:37:28,23.190000000,155
US.BAC,0,12/12/16,09:37:28,23.190000000,100
US.BAC,0,12/12/16,09:37:28,23.190000000,100
US.BAC,0,12/12/16,09:37:28,23.190000000,300
US.BAC,0,12/12/16,09:37:29,23.190000000,100
US.BAC,0,12/12/16,09:37:29,23.190000000,300
US.BAC,0,12/12/16,09:37:31,23.200000000,100
US.BAC,0,12/12/16,09:37:31,23.200000000,300
US.BAC,0,12/12/16,09:37:32,23.210000000,300
US.BAC,0,12/12/16,09:37:32,23.210000000,400
US.BAC,0,12/12/16,09:37:33,23.210000000,100
US.BAC,0,12/12/16,09:37:33,23.210000000,100
US.BAC,0,12/12/16,09:37:33,23.210000000,100
US.BAC,0,12/12/16,09:37:33,23.210000000,100
US.BAC,0,12/12/16,09:37:33,23.210000000,200
US.BAC,0,12/12/16,09:37:33,23.210000000,300
US.BAC,0,12/12/16,09:37:33,23.210000000,500
US.BAC,0,12/12/16,09:37:33,23.210000000,200
US.BAC,0,12/12/16,09:37:33,23.210000000,200
US.BAC,0,12/12/16,09:37:33,23.210000000,200
US.BAC,0,12/12/16,09:37:33,23.210000000,4000
US.BAC,0,12/12/16,09:37:33,23.210000000,200
US.BAC,0,12/12/16,09:37:35,23.205000000,400
US.BAC,0,12/12/16,09:37:37,23.205000000,200
US.BAC,0,12/12/16,09:37:37,23.200000000,100
US.BAC,0,12/12/16,09:37:37,23.200000000,100
US.BAC,0,12/12/16,09:37:37,23.200000000,500
US.BAC,0,12/12/16,09:37:39,23.200000000,300
US.BAC,0,12/12/16,09:37:39,23.200000000,200
US.BAC,0,12/12/16,09:37:39,23.200000000,200
US.BAC,0,12/12/16,09:37:39,23.200000000,455
US.BAC,0,12/12/16,09:37:48,23.200000000,125
US.BAC,0,12/12/16,09:37:48,23.200000000,200
US.BAC,0,12/12/16,09:37:51,23.200000000,700
US.BAC,0,12/12/16,09:37:54,23.200000000,946
US.BAC,0,12/12/16,09:37:54,23.200000000,300
US.BAC,0,12/12/16,09:37:58,23.210000000,100
US.BAC,0,12/12/16,09:38:05,23.210000000,100
US.BAC,0,12/12/16,09:38:05,23.210000000,100
US.BAC,0,12/12/16,09:38:05,23.210000000,100
US.BAC,0,12/12/16,09:38:06,23.210000000,200
US.BAC,0,12/12/16,09:38:06,23.210000000,400
US.BAC,0,12/12/16,09:38:08,23.210000000,100
US.BAC,0,12/12/16,09:38:21,23.220000000,100
US.BAC,0,12/12/16,09:38:21,23.220000000,100
US.BAC,0,12/12/16,09:38:29,23.220000000,100
US.BAC,0,12/12/16,09:38:29,23.220000000,200
US.BAC,0,12/12/16,09:38:29,23.220000000,700
US.BAC,0,12/12/16,09:38:29,23.220000000,2600
US.BAC,0,12/12/16,09:38:29,23.220000000,500
US.BAC,0,12/12/16,09:38:29,23.220000000,300
US.BAC,0,12/12/16,09:38:29,23.220000000,400
US.BAC,0,12/12/16,09:38:29,23.220000000,100
US.BAC,0,12/12/16,09:38:30,23.215000000,200
US.BAC,0,12/12/16,09:38:37,23.215000000,100
US.BAC,0,12/12/16,09:38:43,23.215000000,200
US.BAC,0,12/12/16,09:38:44,23.215000000,199
US.BAC,0,12/12/16,09:38:46,23.215000000,200
US.BAC,0,12/12/16,09:38:47,23.215000000,200
US.BAC,0,12/12/16,09:38:48,23.215000000,200
US.BAC,0,12/12/16,09:38:50,23.220000000,100
US.BAC,0,12/12/16,09:38:54,23.215000000,200
US.BAC,0,12/12/16,09:38:58,23.210000000,300
US.BAC,0,12/12/16,09:38:58,23.210000000,100
US.BAC,0,12/12/16,09:38:58,23.210000000,200
US.BAC,0,12/12/16,09:38:58,23.210000000,300
US.BAC,0,12/12/16,09:38:58,23.210000000,900
US.BAC,0,12/12/16,09:39:00,23.210000000,100
US.BAC,0,12/12/16,09:39:09,23.210000000,200
US.BAC,0,12/12/16,09:39:09,23.210000000,200
US.BAC,0,12/12/16,09:39:14,23.220000000,400
US.BAC,0,12/12/16,09:39:14,23.220000000,100
US.BAC,0,12/12/16,09:39:15,23.225000000,200
US.BAC,0,12/12/16,09:39:16,23.230000000,300
US.BAC,0,12/12/16,09:39:17,23.230000000,100
US.BAC,0,12/12/16,09:39:17,23.235000000,400
US.BAC,0,12/12/16,09:39:18,23.230000000,400
US.BAC,0,12/12/16,09:39:18,23.230000000,200
US.BAC,0,12/12/16,09:39:18,23.230000000,200
US.BAC,0,12/12/16,09:39:18,23.230000000,228
US.BAC,0,12/12/16,09:39:22,23.230000000,200
US.BAC,0,12/12/16,09:39:22,23.230000000,300
US.BAC,0,12/12/16,09:39:22,23.230000000,400
US.BAC,0,12/12/16,09:39:22,23.230000000,299
US.BAC,0,12/12/16,09:39:28,23.235000000,200
US.BAC,0,12/12/16,09:39:28,23.240000000,300
US.BAC,0,12/12/16,09:39:28,23.240000000,178
US.BAC,0,12/12/16,09:39:29,23.240000000,100
US.BAC,0,12/12/16,09:39:29,23.240000000,100
US.BAC,0,12/12/16,09:39:29,23.240000000,200
US.BAC,0,12/12/16,09:39:29,23.240000000,100
US.BAC,0,12/12/16,09:39:29,23.240000000,100
US.BAC,0,12/12/16,09:39:29,23.240000000,100
US.BAC,0,12/12/16,09:39:31,23.240000000,100
US.BAC,0,12/12/16,09:39:32,23.245000000,200
US.BAC,0,12/12/16,09:39:32,23.245000000,900
US.BAC,0,12/12/16,09:39:32,23.250000000,300
US.BAC,0,12/12/16,09:39:32,23.250000000,200
US.BAC,0,12/12/16,09:39:32,23.250000000,200
US.BAC,0,12/12/16,09:39:32,23.250000000,200
US.BAC,0,12/12/16,09:39:32,23.250000000,1500
US.BAC,0,12/12/16,09:39:32,23.250000000,500
US.BAC,0,12/12/16,09:39:32,23.250000000,200
US.BAC,0,12/12/16,09:39:32,23.250000000,100
US.BAC,0,12/12/16,09:39:32,23.250000000,600
US.BAC,0,12/12/16,09:39:32,23.250000000,200
US.BAC,0,12/12/16,09:39:32,23.250000000,200
US.BAC,0,12/12/16,09:39:32,23.250000000,1000
US.BAC,0,12/12/16,09:39:38,23.245000000,351
US.BAC,0,12/12/16,09:39:38,23.245000000,6805
US.BAC,0,12/12/16,09:39:38,23.240000000,300
US.BAC,0,12/12/16,09:39:38,23.240000000,100
US.BAC,0,12/12/16,09:39:41,23.235000000,200
US.BAC,0,12/12/16,09:39:43,23.230000000,300
US.BAC,0,12/12/16,09:39:43,23.230000000,400
US.BAC,0,12/12/16,09:39:43,23.230000000,200
US.BAC,0,12/12/16,09:39:43,23.220000000,100
US.BAC,0,12/12/16,09:39:44,23.225000000,100
US.BAC,0,12/12/16,09:39:44,23.225000000,100
US.BAC,0,12/12/16,09:39:44,23.225000000,200
US.BAC,0,12/12/16,09:39:45,23.225000000,100
US.BAC,0,12/12/16,09:39:45,23.225000000,200
US.BAC,0,12/12/16,09:39:49,23.220000000,500
US.BAC,0,12/12/16,09:39:49,23.220000000,200
US.BAC,0,12/12/16,09:39:49,23.220000000,400
US.BAC,0,12/12/16,09:39:49,23.220000000,200
US.BAC,0,12/12/16,09:39:49,23.220000000,200
US.BAC,0,12/12/16,09:39:49,23.220000000,800
US.BAC,0,12/12/16,09:39:49,23.220000000,200
US.BAC,0,12/12/16,09:39:49,23.220000000,500
US.BAC,0,12/12/16,09:39:49,23.220000000,500
US.BAC,0,12/12/16,09:39:49,23.220000000,2300
US.BAC,0,12/12/16,09:39:49,23.220000000,200
US.BAC,0,12/12/16,09:39:55,23.220000000,838
US.BAC,0,12/12/16,09:39:55,23.220000000,122
US.BAC,0,12/12/16,09:39:55,23.220000000,200
US.BAC,0,12/12/16,09:39:55,23.220000000,189
US.BAC,0,12/12/16,09:39:56,23.220000000,400
US.BAC,0,12/12/16,09:39:56,23.220000000,400
US.BAC,0,12/12/16,09:39:57,23.220000000,300
US.BAC,0,12/12/16,09:39:57,23.220000000,200
US.BAC,0,12/12/16,09:39:57,23.220000000,200
US.BAC,0,12/12/16,09:39:57,23.220000000,127
US.BAC,0,12/12/16,09:40:01,23.220000000,400
US.BAC,0,12/12/16,09:40:01,23.220000000,500
US.BAC,0,12/12/16,09:40:01,23.220000000,500
US.BAC,0,12/12/16,09:40:01,23.220000000,500
US.BAC,0,12/12/16,09:40:01,23.220000000,500
US.BAC,0,12/12/16,09:40:01,23.220000000,500
US.BAC,0,12/12/16,09:40:04,23.210000000,200
US.BAC,0,12/12/16,09:40:04,23.210000000,200
US.BAC,0,12/12/16,09:40:04,23.210000000,200
US.BAC,0,12/12/16,09:40:04,23.210000000,200
US.BAC,0,12/12/16,09:40:04,23.210000000,156
US.BAC,0,12/12/16,09:40:04,23.200000000,100
US.BAC,0,12/12/16,09:40:09,23.205000000,100
US.BAC,0,12/12/16,09:40:09,23.200000000,225
US.BAC,0,12/12/16,09:40:09,23.200000000,200
US.BAC,0,12/12/16,09:40:09,23.200000000,200
US.BAC,0,12/12/16,09:40:09,23.200000000,800
US.BAC,0,12/12/16,09:40:09,23.200000000,200
US.BAC,0,12/12/16,09:40:09,23.200000000,200
US.BAC,0,12/12/16,09:40:09,23.200000000,200
US.BAC,0,12/12/16,09:40:09,23.200000000,100
US.BAC,0,12/12/16,09:40:09,23.200000000,1100
US.BAC,0,12/12/16,09:40:09,23.200000000,500
US.BAC,0,12/12/16,09:40:09,23.200000000,425
US.BAC,0,12/12/16,09:40:10,23.200000000,200
US.BAC,0,12/12/16,09:40:10,23.200000000,200
US.BAC,0,12/12/16,09:40:10,23.200000000,200
US.BAC,0,12/12/16,09:40:10,23.200000000,300
US.BAC,0,12/12/16,09:40:10,23.210000000,600
US.BAC,0,12/12/16,09:40:10,23.210000000,500
US.BAC,0,12/12/16,09:40:10,23.210000000,300
US.BAC,0,12/12/16,09:40:10,23.210000000,200
US.BAC,0,12/12/16,09:40:10,23.210000000,500
US.BAC,0,12/12/16,09:40:10,23.210000000,400
US.BAC,0,12/12/16,09:40:10,23.210000000,300
US.BAC,0,12/12/16,09:40:13,23.215000000,200
US.BAC,0,12/12/16,09:40:13,23.210000000,500
US.BAC,0,12/12/16,09:40:13,23.210000000,400
US.BAC,0,12/12/16,09:40:13,23.210000000,300
US.BAC,0,12/12/16,09:40:13,23.210000000,500
US.BAC,0,12/12/16,09:40:13,23.210000000,500
US.BAC,0,12/12/16,09:40:13,23.210000000,200
US.BAC,0,12/12/16,09:40:13,23.210000000,200
US.BAC,0,12/12/16,09:40:13,23.210000000,200
US.BAC,0,12/12/16,09:40:13,23.210000000,200
US.BAC,0,12/12/16,09:40:13,23.200000000,500
US.BAC,0,12/12/16,09:40:13,23.200000000,400
US.BAC,0,12/12/16,09:40:13,23.200000000,300
US.BAC,0,12/12/16,09:40:13,23.200000000,300
US.BAC,0,12/12/16,09:40:13,23.200000000,500
US.BAC,0,12/12/16,09:40:13,23.200000000,400
US.BAC,0,12/12/16,09:40:13,23.200000000,100
US.BAC,0,12/12/16,09:40:13,23.200000000,300
US.BAC,0,12/12/16,09:40:13,23.200000000,400
US.BAC,0,12/12/16,09:40:15,23.200000000,600
US.BAC,0,12/12/16,09:40:15,23.200000000,600
US.BAC,0,12/12/16,09:40:15,23.200000000,100
US.BAC,0,12/12/16,09:40:15,23.200000000,400
US.BAC,0,12/12/16,09:40:15,23.200000000,230
US.BAC,0,12/12/16,09:40:15,23.200000000,370
US.BAC,0,12/12/16,09:40:15,23.200000000,500
US.BAC,0,12/12/16,09:40:15,23.200000000,430
US.BAC,0,12/12/16,09:40:15,23.200000000,240
US.BAC,0,12/12/16,09:40:15,23.200000000,152
US.BAC,0,12/12/16,09:40:15,23.200000000,200
US.BAC,0,12/12/16,09:40:15,23.200000000,300
US.BAC,0,12/12/16,09:40:15,23.200000000,300
US.BAC,0,12/12/16,09:40:15,23.200000000,360
US.BAC,0,12/12/16,09:40:15,23.200000000,239
US.BAC,0,12/12/16,09:40:15,23.200000000,200
US.BAC,0,12/12/16,09:40:15,23.200000000,199
US.BAC,0,12/12/16,09:40:15,23.200000000,300
US.BAC,0,12/12/16,09:40:15,23.200000000,300
US.BAC,0,12/12/16,09:40:15,23.200000000,300
US.BAC,0,12/12/16,09:40:15,23.200000000,400
US.BAC,0,12/12/16,09:40:15,23.200000000,200
US.BAC,0,12/12/16,09:40:15,23.200000000,100
US.BAC,0,12/12/16,09:40:15,23.200000000,200
US.BAC,0,12/12/16,09:40:15,23.200000000,200
US.BAC,0,12/12/16,09:40:15,23.200000000,100
US.BAC,0,12/12/16,09:40:15,23.200000000,100
US.BAC,0,12/12/16,09:40:31,23.190000000,189
US.BAC,0,12/12/16,09:40:31,23.190000000,200
US.BAC,0,12/12/16,09:40:31,23.190000000,800
US.BAC,0,12/12/16,09:40:35,23.185000000,100
US.BAC,0,12/12/16,09:40:42,23.180000000,100
US.BAC,0,12/12/16,09:40:44,23.180000000,100
US.BAC,0,12/12/16,09:40:44,23.180000000,200
US.BAC,0,12/12/16,09:40:44,23.180000000,200
US.BAC,0,12/12/16,09:40:44,23.180000000,200
US.BAC,0,12/12/16,09:40:44,23.180000000,196
US.BAC,0,12/12/16,09:40:45,23.175000000,200
US.BAC,0,12/12/16,09:40:45,23.175000000,100
US.BAC,0,12/12/16,09:40:47,23.175000000,200
US.BAC,0,12/12/16,09:40:50,23.175000000,100
US.BAC,0,12/12/16,09:40:50,23.175000000,100
US.BAC,0,12/12/16,09:40:52,23.175000000,200
US.BAC,0,12/12/16,09:40:54,23.170000000,400
US.BAC,0,12/12/16,09:40:54,23.170000000,100
US.BAC,0,12/12/16,09:41:00,23.175000000,100
US.BAC,0,12/12/16,09:41:00,23.180000000,500
US.BAC,0,12/12/16,09:41:00,23.180000000,200
US.BAC,0,12/12/16,09:41:00,23.180000000,100
US.BAC,0,12/12/16,09:41:00,23.180000000,300
US.BAC,0,12/12/16,09:41:00,23.180000000,500
US.BAC,0,12/12/16,09:41:00,23.180000000,100
US.BAC,0,12/12/16,09:41:00,23.180000000,100
US.BAC,0,12/12/16,09:41:00,23.180000000,300
US.BAC,0,12/12/16,09:41:00,23.185000000,200
US.BAC,0,12/12/16,09:41:01,23.190000000,400
US.BAC,0,12/12/16,09:41:01,23.190000000,178
US.BAC,0,12/12/16,09:41:03,23.190000000,222
US.BAC,0,12/12/16,09:41:05,23.195000000,170
US.BAC,0,12/12/16,09:41:08,23.200000000,600
US.BAC,0,12/12/16,09:41:08,23.200000000,337
US.BAC,0,12/12/16,09:41:12,23.200000000,263
US.BAC,0,12/12/16,09:41:12,23.200000000,400
US.BAC,0,12/12/16,09:41:12,23.200000000,300
US.BAC,0,12/12/16,09:41:12,23.200000000,400
US.BAC,0,12/12/16,09:41:12,23.200000000,500
US.BAC,0,12/12/16,09:41:21,23.190000000,1300
US.BAC,0,12/12/16,09:41:21,23.190000000,200
US.BAC,0,12/12/16,09:41:25,23.190000000,100
US.BAC,0,12/12/16,09:41:25,23.190000000,1111
US.BAC,0,12/12/16,09:41:25,23.190000000,100
US.BAC,0,12/12/16,09:41:26,23.200000000,600
US.BAC,0,12/12/16,09:41:27,23.200000000,600
US.BAC,0,12/12/16,09:41:28,23.200000000,300
US.BAC,0,12/12/16,09:41:28,23.200000000,500
US.BAC,0,12/12/16,09:41:28,23.200000000,400
US.BAC,0,12/12/16,09:41:28,23.200000000,600
US.BAC,0,12/12/16,09:41:28,23.200000000,380
US.BAC,0,12/12/16,09:41:28,23.200000000,220
US.BAC,0,12/12/16,09:41:28,23.200000000,300
US.BAC,0,12/12/16,09:41:28,23.200000000,220
US.BAC,0,12/12/16,09:41:28,23.200000000,280
US.BAC,0,12/12/16,09:41:28,23.200000000,400
US.BAC,0,12/12/16,09:41:39,23.200000000,600
US.BAC,0,12/12/16,09:41:39,23.200000000,100
US.BAC,0,12/12/16,09:41:39,23.200000000,1100
US.BAC,0,12/12/16,09:41:39,23.200000000,2616
US.BAC,0,12/12/16,09:41:48,23.200000000,100
US.BAC,0,12/12/16,09:41:52,23.200000000,447
US.BAC,0,12/12/16,09:41:52,23.200000000,300
US.BAC,0,12/12/16,09:41:52,23.200000000,500
US.BAC,0,12/12/16,09:41:52,23.200000000,400
US.BAC,0,12/12/16,09:41:52,23.200000000,100
US.BAC,0,12/12/16,09:41:52,23.200000000,476
US.BAC,0,12/12/16,09:41:52,23.200000000,300
US.BAC,0,12/12/16,09:41:53,23.200000000,2899
US.BAC,0,12/12/16,09:41:53,23.200000000,312
US.BAC,0,12/12/16,09:41:53,23.200000000,947
US.BAC,0,12/12/16,09:41:55,23.195000000,200
US.BAC,0,12/12/16,09:41:57,23.190000000,200
US.BAC,0,12/12/16,09:42:01,23.190000000,100
US.BAC,0,12/12/16,09:42:11,23.190000000,1000
US.BAC,0,12/12/16,09:42:11,23.190000000,200
US.BAC,0,12/12/16,09:42:11,23.190000000,100
US.BAC,0,12/12/16,09:42:19,23.205000000,200
US.BAC,0,12/12/16,09:42:22,23.200000000,100
US.BAC,0,12/12/16,09:42:22,23.190000000,400
US.BAC,0,12/12/16,09:42:22,23.190000000,100
US.BAC,0,12/12/16,09:42:22,23.190000000,300
US.BAC,0,12/12/16,09:42:22,23.190000000,200
US.BAC,0,12/12/16,09:42:22,23.190000000,1400
US.BAC,0,12/12/16,09:42:22,23.190000000,500
US.BAC,0,12/12/16,09:42:22,23.190000000,100
US.BAC,0,12/12/16,09:42:28,23.190000000,166
US.BAC,0,12/12/16,09:42:29,23.190000000,300
US.BAC,0,12/12/16,09:42:31,23.195000000,200
US.BAC,0,12/12/16,09:42:35,23.190000000,500
US.BAC,0,12/12/16,09:42:35,23.190000000,100
US.BAC,0,12/12/16,09:42:35,23.190000000,500
US.BAC,0,12/12/16,09:42:35,23.190000000,100
US.BAC,0,12/12/16,09:42:37,23.185000000,100
US.BAC,0,12/12/16,09:42:38,23.190000000,300
US.BAC,0,12/12/16,09:42:52,23.195000000,100
US.BAC,0,12/12/16,09:42:54,23.190000000,1000
US.BAC,0,12/12/16,09:42:54,23.190000000,200
US.BAC,0,12/12/16,09:42:57,23.180000000,100
US.BAC,0,12/12/16,09:42:57,23.180000000,100
US.BAC,0,12/12/16,09:42:57,23.180000000,100
US.BAC,0,12/12/16,09:42:57,23.180000000,300
US.BAC,0,12/12/16,09:42:57,23.180000000,500
US.BAC,0,12/12/16,09:42:59,23.180000000,200
US.BAC,0,12/12/16,09:43:09,23.180000000,600
US.BAC,0,12/12/16,09:43:09,23.175000000,100
US.BAC,0,12/12/16,09:43:10,23.170000000,301
US.BAC,0,12/12/16,09:43:10,23.170000000,151
US.BAC,0,12/12/16,09:43:10,23.170000000,200
US.BAC,0,12/12/16,09:43:10,23.170000000,200
US.BAC,0,12/12/16,09:43:10,23.170000000,200
US.BAC,0,12/12/16,09:43:10,23.170000000,200
US.BAC,0,12/12/16,09:43:17,23.170000000,200
US.BAC,0,12/12/16,09:43:27,23.170000000,1100
US.BAC,0,12/12/16,09:43:27,23.170000000,100
US.BAC,0,12/12/16,09:43:28,23.170000000,300
US.BAC,0,12/12/16,09:43:28,23.170000000,100
US.BAC,0,12/12/16,09:43:31,23.170000000,100
US.BAC,0,12/12/16,09:43:49,23.180000000,100
US.BAC,0,12/12/16,09:44:02,23.180000000,400
US.BAC,0,12/12/16,09:44:02,23.180000000,327
US.BAC,0,12/12/16,09:44:03,23.180000000,200
US.BAC,0,12/12/16,09:44:05,23.180000000,400
US.BAC,0,12/12/16,09:44:05,23.180000000,300
US.BAC,0,12/12/16,09:44:05,23.180000000,400
US.BAC,0,12/12/16,09:44:05,23.180000000,100
US.BAC,0,12/12/16,09:44:05,23.180000000,800
US.BAC,0,12/12/16,09:44:20,23.185000000,200
US.BAC,0,12/12/16,09:44:20,23.185000000,200
US.BAC,0,12/12/16,09:44:20,23.180000000,400
US.BAC,0,12/12/16,09:44:20,23.180000000,600
US.BAC,0,12/12/16,09:44:20,23.180000000,200
US.BAC,0,12/12/16,09:44:20,23.180000000,200
US.BAC,0,12/12/16,09:44:20,23.180000000,200
US.BAC,0,12/12/16,09:44:22,23.175000000,200
US.BAC,0,12/12/16,09:44:30,23.175000000,100
US.BAC,0,12/12/16,09:44:30,23.175000000,100
US.BAC,0,12/12/16,09:44:38,23.180000000,300
US.BAC,0,12/12/16,09:44:38,23.180000000,200
US.BAC,0,12/12/16,09:44:38,23.180000000,100
US.BAC,0,12/12/16,09:44:38,23.185000000,100
US.BAC,0,12/12/16,09:44:40,23.180000000,200
US.BAC,0,12/12/16,09:44:41,23.180000000,100
US.BAC,0,12/12/16,09:44:46,23.190000000,200
US.BAC,0,12/12/16,09:44:46,23.190000000,200
US.BAC,0,12/12/16,09:44:46,23.190000000,100
US.BAC,0,12/12/16,09:44:46,23.190000000,100
US.BAC,0,12/12/16,09:44:48,23.190000000,300
US.BAC,0,12/12/16,09:44:50,23.190000000,600
US.BAC,0,12/12/16,09:44:53,23.170000000,400
US.BAC,0,12/12/16,09:44:53,23.170000000,400
US.BAC,0,12/12/16,09:44:54,23.175000000,300
US.BAC,0,12/12/16,09:44:54,23.175000000,200
US.BAC,0,12/12/16,09:44:55,23.175000000,200
US.BAC,0,12/12/16,09:44:55,23.170000000,600
US.BAC,0,12/12/16,09:44:55,23.170000000,200
US.BAC,0,12/12/16,09:44:55,23.170000000,400
US.BAC,0,12/12/16,09:44:55,23.170000000,200
US.BAC,0,12/12/16,09:44:55,23.170000000,400
US.BAC,0,12/12/16,09:44:55,23.170000000,200
US.BAC,0,12/12/16,09:44:55,23.170000000,200
US.BAC,0,12/12/16,09:44:55,23.170000000,600
US.BAC,0,12/12/16,09:44:55,23.170000000,300
US.BAC,0,12/12/16,09:44:55,23.170000000,700
US.BAC,0,12/12/16,09:44:56,23.165000000,100
US.BAC,0,12/12/16,09:45:01,23.165000000,200
US.BAC,0,12/12/16,09:45:01,23.165000000,300
US.BAC,0,12/12/16,09:45:02,23.165000000,500
US.BAC,0,12/12/16,09:45:02,23.160000000,187
US.BAC,0,12/12/16,09:45:02,23.160000000,200
US.BAC,0,12/12/16,09:45:02,23.160000000,200
US.BAC,0,12/12/16,09:45:02,23.160000000,200
US.BAC,0,12/12/16,09:45:04,23.150000000,200
US.BAC,0,12/12/16,09:45:04,23.150000000,200
US.BAC,0,12/12/16,09:45:04,23.150000000,200
US.BAC,0,12/12/16,09:45:04,23.150000000,200
US.BAC,0,12/12/16,09:45:05,23.140000000,400
US.BAC,0,12/12/16,09:45:09,23.145000000,200
US.BAC,0,12/12/16,09:45:09,23.150000000,200
US.BAC,0,12/12/16,09:45:09,23.150000000,300
US.BAC,0,12/12/16,09:45:09,23.150000000,321
US.BAC,0,12/12/16,09:45:11,23.150000000,231
US.BAC,0,12/12/16,09:45:13,23.145000000,300
US.BAC,0,12/12/16,09:45:13,23.145000000,200
US.BAC,0,12/12/16,09:45:13,23.145000000,200
US.BAC,0,12/12/16,09:45:13,23.145000000,300
US.BAC,0,12/12/16,09:45:14,23.145000000,200
US.BAC,0,12/12/16,09:45:15,23.150000000,300
US.BAC,0,12/12/16,09:45:15,23.150000000,100
US.BAC,0,12/12/16,09:45:15,23.150000000,139
US.BAC,0,12/12/16,09:45:15,23.150000000,300
US.BAC,0,12/12/16,09:45:16,23.155000000,100
US.BAC,0,12/12/16,09:45:16,23.150000000,1800
US.BAC,0,12/12/16,09:45:16,23.150000000,400
US.BAC,0,12/12/16,09:45:16,23.150000000,400
US.BAC,0,12/12/16,09:45:16,23.150000000,600
US.BAC,0,12/12/16,09:45:16,23.150000000,600
US.BAC,0,12/12/16,09:45:16,23.150000000,100
US.BAC,0,12/12/16,09:45:16,23.150000000,200
US.BAC,0,12/12/16,09:45:16,23.150000000,100
US.BAC,0,12/12/16,09:45:16,23.150000000,500
US.BAC,0,12/12/16,09:45:27,23.150000000,300
US.BAC,0,12/12/16,09:45:27,23.150000000,200
US.BAC,0,12/12/16,09:45:27,23.150000000,200
US.BAC,0,12/12/16,09:45:27,23.150000000,100
US.BAC,0,12/12/16,09:45:30,23.155000000,300
US.BAC,0,12/12/16,09:45:30,23.155000000,155
US.BAC,0,12/12/16,09:45:30,23.155000000,150
US.BAC,0,12/12/16,09:45:30,23.155000000,118
US.BAC,0,12/12/16,09:45:30,23.155000000,282
US.BAC,0,12/12/16,09:45:31,23.150000000,1100
US.BAC,0,12/12/16,09:45:31,23.150000000,700
US.BAC,0,12/12/16,09:45:31,23.150000000,100
US.BAC,0,12/12/16,09:45:31,23.150000000,200
US.BAC,0,12/12/16,09:45:31,23.150000000,500
US.BAC,0,12/12/16,09:45:31,23.150000000,100
US.BAC,0,12/12/16,09:45:31,23.150000000,500
US.BAC,0,12/12/16,09:45:31,23.150000000,100
US.BAC,0,12/12/16,09:45:31,23.150000000,300
US.BAC,0,12/12/16,09:45:31,23.150000000,100
US.BAC,0,12/12/16,09:45:31,23.150000000,100
US.BAC,0,12/12/16,09:45:31,23.150000000,100
US.BAC,0,12/12/16,09:45:31,23.150000000,300
US.BAC,0,12/12/16,09:45:31,23.150000000,200
US.BAC,0,12/12/16,09:45:31,23.150000000,100
US.BAC,0,12/12/16,09:45:35,23.145000000,200
US.BAC,0,12/12/16,09:45:35,23.145000000,200
US.BAC,0,12/12/16,09:45:35,23.145000000,400
US.BAC,0,12/12/16,09:45:38,23.140000000,100
US.BAC,0,12/12/16,09:45:38,23.140000000,400
US.BAC,0,12/12/16,09:45:39,23.135000000,200
US.BAC,0,12/12/16,09:45:40,23.140000000,300
US.BAC,0,12/12/16,09:45:40,23.140000000,400
US.BAC,0,12/12/16,09:45:40,23.140000000,200
US.BAC,0,12/12/16,09:45:40,23.140000000,100
US.BAC,0,12/12/16,09:45:40,23.145000000,100
US.BAC,0,12/12/16,09:45:41,23.150000000,400
US.BAC,0,12/12/16,09:45:41,23.150000000,400
US.BAC,0,12/12/16,09:45:41,23.150000000,300
US.BAC,0,12/12/16,09:45:45,23.150000000,900
US.BAC,0,12/12/16,09:45:45,23.150000000,100
US.BAC,0,12/12/16,09:45:45,23.150000000,300
US.BAC,0,12/12/16,09:45:46,23.150000000,175
US.BAC,0,12/12/16,09:45:47,23.145000000,200
US.BAC,0,12/12/16,09:45:47,23.145000000,200
US.BAC,0,12/12/16,09:45:50,23.150000000,355
US.BAC,0,12/12/16,09:45:50,23.150000000,100
US.BAC,0,12/12/16,09:45:50,23.150000000,200
US.BAC,0,12/12/16,09:45:50,23.150000000,100
US.BAC,0,12/12/16,09:45:57,23.150000000,100
US.BAC,0,12/12/16,09:45:57,23.150000000,300
US.BAC,0,12/12/16,09:45:57,23.150000000,200
US.BAC,0,12/12/16,09:45:57,23.150000000,100
US.BAC,0,12/12/16,09:45:57,23.150000000,200
US.BAC,0,12/12/16,09:45:57,23.150000000,400
US.BAC,0,12/12/16,09:45:57,23.150000000,300
US.BAC,0,12/12/16,09:45:57,23.150000000,100
US.BAC,0,12/12/16,09:45:57,23.150000000,100
US.BAC,0,12/12/16,09:46:10,23.145000000,200
US.BAC,0,12/12/16,09:46:10,23.145000000,200
US.BAC,0,12/12/16,09:46:10,23.145000000,700
US.BAC,0,12/12/16,09:46:10,23.145000000,200
US.BAC,0,12/12/16,09:46:10,23.145000000,200
US.BAC,0,12/12/16,09:46:10,23.140000000,860
US.BAC,0,12/12/16,09:46:10,23.140000000,336
US.BAC,0,12/12/16,09:46:10,23.140000000,3664
US.BAC,0,12/12/16,09:46:10,23.140000000,200
US.BAC,0,12/12/16,09:46:10,23.140000000,400
US.BAC,0,12/12/16,09:46:10,23.135000000,100
US.BAC,0,12/12/16,09:46:14,23.135000000,100
US.BAC,0,12/12/16,09:46:15,23.130000000,400
US.BAC,0,12/12/16,09:46:15,23.130000000,200
US.BAC,0,12/12/16,09:46:15,23.130000000,200
US.BAC,0,12/12/16,09:46:15,23.130000000,300
US.BAC,0,12/12/16,09:46:15,23.130000000,400
US.BAC,0,12/12/16,09:46:15,23.120000000,100
US.BAC,0,12/12/16,09:46:15,23.125000000,200
US.BAC,0,12/12/16,09:46:15,23.125000000,200
US.BAC,0,12/12/16,09:46:15,23.130000000,200
US.BAC,0,12/12/16,09:46:15,23.130000000,200
US.BAC,0,12/12/16,09:46:15,23.130000000,200
US.BAC,0,12/12/16,09:46:15,23.130000000,300
US.BAC,0,12/12/16,09:46:15,23.130000000,200
US.BAC,0,12/12/16,09:46:15,23.130000000,400
US.BAC,0,12/12/16,09:46:15,23.130000000,200
US.BAC,0,12/12/16,09:46:15,23.130000000,400
US.BAC,0,12/12/16,09:46:15,23.130000000,300
US.BAC,0,12/12/16,09:46:15,23.130000000,100
US.BAC,0,12/12/16,09:46:15,23.130000000,200
US.BAC,0,12/12/16,09:46:15,23.130000000,100
US.BAC,0,12/12/16,09:46:15,23.130000000,100
US.BAC,0,12/12/16,09:46:15,23.130000000,100
US.BAC,0,12/12/16,09:46:17,23.130000000,112
US.BAC,0,12/12/16,09:46:19,23.130000000,300
US.BAC,0,12/12/16,09:46:22,23.130000000,900
US.BAC,0,12/12/16,09:46:22,23.130000000,400
US.BAC,0,12/12/16,09:46:22,23.130000000,1000
US.BAC,0,12/12/16,09:46:22,23.130000000,400
US.BAC,0,12/12/16,09:46:22,23.130000000,600
US.BAC,0,12/12/16,09:46:25,23.120000000,200
US.BAC,0,12/12/16,09:46:25,23.120000000,300
US.BAC,0,12/12/16,09:46:25,23.120000000,100
US.BAC,0,12/12/16,09:46:25,23.120000000,400
US.BAC,0,12/12/16,09:46:25,23.120000000,400
US.BAC,0,12/12/16,09:46:25,23.120000000,200
US.BAC,0,12/12/16,09:46:25,23.120000000,300
US.BAC,0,12/12/16,09:46:25,23.120000000,200
US.BAC,0,12/12/16,09:46:25,23.120000000,200
US.BAC,0,12/12/16,09:46:26,23.120000000,100
US.BAC,0,12/12/16,09:46:26,23.120000000,300
US.BAC,0,12/12/16,09:46:26,23.120000000,100
US.BAC,0,12/12/16,09:46:26,23.120000000,100
US.BAC,0,12/12/16,09:46:26,23.120000000,100
US.BAC,0,12/12/16,09:46:27,23.120000000,100
US.BAC,0,12/12/16,09:46:27,23.120000000,100
US.BAC,0,12/12/16,09:46:27,23.120000000,100
US.BAC,0,12/12/16,09:46:27,23.120000000,100
US.BAC,0,12/12/16,09:46:28,23.120000000,100
US.BAC,0,12/12/16,09:46:28,23.120000000,100
US.BAC,0,12/12/16,09:46:30,23.130000000,200
US.BAC,0,12/12/16,09:46:30,23.130000000,100
US.BAC,0,12/12/16,09:46:30,23.130000000,600
US.BAC,0,12/12/16,09:46:30,23.130000000,877
US.BAC,0,12/12/16,09:46:33,23.130000000,400
US.BAC,0,12/12/16,09:46:33,23.130000000,100
US.BAC,0,12/12/16,09:46:33,23.130000000,100
US.BAC,0,12/12/16,09:46:40,23.130000000,300
US.BAC,0,12/12/16,09:46:40,23.130000000,200
US.BAC,0,12/12/16,09:46:40,23.130000000,100
US.BAC,0,12/12/16,09:46:40,23.130000000,300
US.BAC,0,12/12/16,09:46:54,23.130000000,400
US.BAC,0,12/12/16,09:46:54,23.125000000,200
US.BAC,0,12/12/16,09:46:54,23.125000000,300
US.BAC,0,12/12/16,09:46:54,23.125000000,200
US.BAC,0,12/12/16,09:46:54,23.125000000,200
US.BAC,0,12/12/16,09:46:54,23.125000000,200
US.BAC,0,12/12/16,09:46:54,23.125000000,200
US.BAC,0,12/12/16,09:46:54,23.120000000,400
US.BAC,0,12/12/16,09:46:54,23.120000000,300
US.BAC,0,12/12/16,09:46:54,23.120000000,200
US.BAC,0,12/12/16,09:46:54,23.120000000,200
US.BAC,0,12/12/16,09:46:54,23.120000000,300
US.BAC,0,12/12/16,09:46:54,23.120000000,400
US.BAC,0,12/12/16,09:46:54,23.120000000,200
US.BAC,0,12/12/16,09:46:54,23.120000000,200
US.BAC,0,12/12/16,09:46:54,23.120000000,100
US.BAC,0,12/12/16,09:46:54,23.120000000,100
US.BAC,0,12/12/16,09:46:54,23.125000000,200
US.BAC,0,12/12/16,09:46:54,23.120000000,500
US.BAC,0,12/12/16,09:46:54,23.120000000,100
US.BAC,0,12/12/16,09:46:54,23.120000000,100
US.BAC,0,12/12/16,09:46:54,23.120000000,200
US.BAC,0,12/12/16,09:46:54,23.120000000,200
US.BAC,0,12/12/16,09:46:54,23.120000000,200
US.BAC,0,12/12/16,09:46:55,23.120000000,300
US.BAC,0,12/12/16,09:46:55,23.120000000,200
US.BAC,0,12/12/16,09:46:57,23.130000000,120
US.BAC,0,12/12/16,09:47:02,23.130000000,200
US.BAC,0,12/12/16,09:47:02,23.130000000,200
US.BAC,0,12/12/16,09:47:03,23.125000000,200
US.BAC,0,12/12/16,09:47:03,23.130000000,600
US.BAC,0,12/12/16,09:47:03,23.130000000,400
US.BAC,0,12/12/16,09:47:03,23.135000000,100
US.BAC,0,12/12/16,09:47:03,23.135000000,100
US.BAC,0,12/12/16,09:47:07,23.130000000,337
US.BAC,0,12/12/16,09:47:07,23.130000000,763
US.BAC,0,12/12/16,09:47:07,23.120000000,200
US.BAC,0,12/12/16,09:47:09,23.120000000,100
US.BAC,0,12/12/16,09:47:12,23.115000000,300
US.BAC,0,12/12/16,09:47:12,23.115000000,200
US.BAC,0,12/12/16,09:47:12,23.115000000,200
US.BAC,0,12/12/16,09:47:12,23.115000000,200
US.BAC,0,12/12/16,09:47:12,23.115000000,200
US.BAC,0,12/12/16,09:47:12,23.115000000,400
US.BAC,0,12/12/16,09:47:12,23.115000000,280
US.BAC,0,12/12/16,09:47:12,23.115000000,300
US.BAC,0,12/12/16,09:47:12,23.115000000,400
US.BAC,0,12/12/16,09:47:12,23.110000000,100
US.BAC,0,12/12/16,09:47:12,23.110000000,400
US.BAC,0,12/12/16,09:47:12,23.110000000,150
US.BAC,0,12/12/16,09:47:17,23.110000000,300
US.BAC,0,12/12/16,09:47:17,23.110000000,400
US.BAC,0,12/12/16,09:47:17,23.110000000,400
US.BAC,0,12/12/16,09:47:17,23.110000000,100
US.BAC,0,12/12/16,09:47:17,23.110000000,200
US.BAC,0,12/12/16,09:47:17,23.110000000,100
US.BAC,0,12/12/16,09:47:17,23.110000000,100
US.BAC,0,12/12/16,09:47:17,23.110000000,100
US.BAC,0,12/12/16,09:47:18,23.110000000,400
US.BAC,0,12/12/16,09:47:18,23.110000000,200
US.BAC,0,12/12/16,09:47:18,23.110000000,485
US.BAC,0,12/12/16,09:47:18,23.110000000,385
US.BAC,0,12/12/16,09:47:18,23.110000000,300
US.BAC,0,12/12/16,09:47:23,23.100000000,200
US.BAC,0,12/12/16,09:47:23,23.100000000,400
US.BAC,0,12/12/16,09:47:23,23.100000000,400
US.BAC,0,12/12/16,09:47:23,23.100000000,1600
US.BAC,0,12/12/16,09:47:24,23.095000000,100
US.BAC,0,12/12/16,09:47:25,23.090000000,500
US.BAC,0,12/12/16,09:47:25,23.090000000,400
US.BAC,0,12/12/16,09:47:25,23.090000000,400
US.BAC,0,12/12/16,09:47:25,23.090000000,400
US.BAC,0,12/12/16,09:47:25,23.085000000,200
US.BAC,0,12/12/16,09:47:25,23.085000000,200
US.BAC,0,12/12/16,09:47:25,23.085000000,600
US.BAC,0,12/12/16,09:47:25,23.085000000,600
US.BAC,0,12/12/16,09:47:26,23.085000000,200
US.BAC,0,12/12/16,09:47:26,23.085000000,200
US.BAC,0,12/12/16,09:47:30,23.080000000,100
US.BAC,0,12/12/16,09:47:30,23.080000000,100
US.BAC,0,12/12/16,09:47:31,23.080000000,100
US.BAC,0,12/12/16,09:47:31,23.080000000,100
US.BAC,0,12/12/16,09:47:32,23.080000000,100
US.BAC,0,12/12/16,09:47:32,23.080000000,100
US.BAC,0,12/12/16,09:47:34,23.080000000,600
US.BAC,0,12/12/16,09:47:34,23.080000000,300
US.BAC,0,12/12/16,09:47:34,23.080000000,200
US.BAC,0,12/12/16,09:47:34,23.080000000,400
US.BAC,0,12/12/16,09:47:34,23.080000000,400
US.BAC,0,12/12/16,09:47:34,23.080000000,800
US.BAC,0,12/12/16,09:47:34,23.080000000,300
US.BAC,0,12/12/16,09:47:34,23.080000000,300
US.BAC,0,12/12/16,09:47:34,23.080000000,100
US.BAC,0,12/12/16,09:47:34,23.085000000,300
US.BAC,0,12/12/16,09:47:34,23.085000000,200
US.BAC,0,12/12/16,09:47:34,23.090000000,993
US.BAC,0,12/12/16,09:47:34,23.080000000,300
US.BAC,0,12/12/16,09:47:34,23.080000000,200
US.BAC,0,12/12/16,09:47:34,23.080000000,200
US.BAC,0,12/12/16,09:47:34,23.080000000,300
US.BAC,0,12/12/16,09:47:34,23.075000000,200
US.BAC,0,12/12/16,09:47:34,23.075000000,200
US.BAC,0,12/12/16,09:47:34,23.075000000,200
US.BAC,0,12/12/16,09:47:34,23.075000000,200
US.BAC,0,12/12/16,09:47:34,23.075000000,200
US.BAC,0,12/12/16,09:47:34,23.075000000,100
US.BAC,0,12/12/16,09:47:35,23.075000000,200
US.BAC,0,12/12/16,09:47:36,23.075000000,200
US.BAC,0,12/12/16,09:47:36,23.075000000,200
US.BAC,0,12/12/16,09:47:36,23.075000000,200
US.BAC,0,12/12/16,09:47:36,23.075000000,200
US.BAC,0,12/12/16,09:47:36,23.070000000,400
US.BAC,0,12/12/16,09:47:37,23.070000000,300
US.BAC,0,12/12/16,09:47:37,23.070000000,200
US.BAC,0,12/12/16,09:47:37,23.070000000,100
US.BAC,0,12/12/16,09:47:39,23.070000000,300
US.BAC,0,12/12/16,09:47:39,23.070000000,100
US.BAC,0,12/12/16,09:47:39,23.070000000,100
US.BAC,0,12/12/16,09:47:39,23.070000000,100
US.BAC,0,12/12/16,09:47:39,23.070000000,100
US.BAC,0,12/12/16,09:47:39,23.070000000,100
US.BAC,0,12/12/16,09:47:39,23.070000000,100
US.BAC,0,12/12/16,09:47:39,23.070000000,100
US.BAC,0,12/12/16,09:47:39,23.070000000,100
US.BAC,0,12/12/16,09:47:39,23.070000000,376
US.BAC,0,12/12/16,09:47:39,23.070000000,400
US.BAC,0,12/12/16,09:47:40,23.070000000,400
US.BAC,0,12/12/16,09:47:40,23.070000000,245
US.BAC,0,12/12/16,09:47:42,23.070000000,300
US.BAC,0,12/12/16,09:47:42,23.070000000,260
US.BAC,0,12/12/16,09:47:42,23.070000000,100
US.BAC,0,12/12/16,09:47:44,23.065000000,200
US.BAC,0,12/12/16,09:47:44,23.065000000,100
US.BAC,0,12/12/16,09:47:44,23.060000000,100
US.BAC,0,12/12/16,09:47:46,23.065000000,200
US.BAC,0,12/12/16,09:47:46,23.065000000,200
US.BAC,0,12/12/16,09:47:47,23.060000000,100
US.BAC,0,12/12/16,09:47:47,23.060000000,400
US.BAC,0,12/12/16,09:47:47,23.060000000,100
US.BAC,0,12/12/16,09:47:47,23.060000000,400
US.BAC,0,12/12/16,09:47:48,23.060000000,300
US.BAC,0,12/12/16,09:47:48,23.060000000,300
US.BAC,0,12/12/16,09:47:50,23.070000000,400
US.BAC,0,12/12/16,09:47:50,23.070000000,100
US.BAC,0,12/12/16,09:47:50,23.070000000,100
US.BAC,0,12/12/16,09:47:51,23.075000000,100
US.BAC,0,12/12/16,09:47:52,23.070000000,200
US.BAC,0,12/12/16,09:47:55,23.070000000,145
US.BAC,0,12/12/16,09:47:55,23.070000000,355
US.BAC,0,12/12/16,09:47:58,23.075000000,200
US.BAC,0,12/12/16,09:47:58,23.075000000,100
US.BAC,0,12/12/16,09:48:01,23.070000000,100
US.BAC,0,12/12/16,09:48:01,23.080000000,100
US.BAC,0,12/12/16,09:48:01,23.080000000,100
US.BAC,0,12/12/16,09:48:03,23.080000000,300
US.BAC,0,12/12/16,09:48:05,23.080000000,100
US.BAC,0,12/12/16,09:48:05,23.080000000,500
US.BAC,0,12/12/16,09:48:08,23.070000000,100
US.BAC,0,12/12/16,09:48:08,23.070000000,200
US.BAC,0,12/12/16,09:48:09,23.075000000,500
US.BAC,0,12/12/16,09:48:09,23.075000000,400
US.BAC,0,12/12/16,09:48:10,23.075000000,300
US.BAC,0,12/12/16,09:48:10,23.075000000,400
US.BAC,0,12/12/16,09:48:10,23.075000000,200
US.BAC,0,12/12/16,09:48:10,23.075000000,200
US.BAC,0,12/12/16,09:48:10,23.080000000,400
US.BAC,0,12/12/16,09:48:10,23.080000000,400
US.BAC,0,12/12/16,09:48:10,23.080000000,300
US.BAC,0,12/12/16,09:48:10,23.080000000,2500
US.BAC,0,12/12/16,09:48:10,23.080000000,100
US.BAC,0,12/12/16,09:48:10,23.080000000,300
US.BAC,0,12/12/16,09:48:10,23.080000000,100
US.BAC,0,12/12/16,09:48:10,23.080000000,200
US.BAC,0,12/12/16,09:48:10,23.080000000,200
US.BAC,0,12/12/16,09:48:10,23.080000000,200
US.BAC,0,12/12/16,09:48:10,23.080000000,200
US.BAC,0,12/12/16,09:48:10,23.080000000,400
US.BAC,0,12/12/16,09:48:10,23.080000000,100
US.BAC,0,12/12/16,09:48:12,23.080000000,300
US.BAC,0,12/12/16,09:48:14,23.070000000,200
US.BAC,0,12/12/16,09:48:16,23.080000000,400
US.BAC,0,12/12/16,09:48:16,23.080000000,300
US.BAC,0,12/12/16,09:48:16,23.080000000,200
US.BAC,0,12/12/16,09:48:16,23.080000000,100
US.BAC,0,12/12/16,09:48:16,23.080000000,500
US.BAC,0,12/12/16,09:48:17,23.085000000,100
US.BAC,0,12/12/16,09:48:17,23.085000000,200
US.BAC,0,12/12/16,09:48:18,23.080000000,100
US.BAC,0,12/12/16,09:48:18,23.080000000,300
US.BAC,0,12/12/16,09:48:18,23.080000000,400
US.BAC,0,12/12/16,09:48:18,23.075000000,200
US.BAC,0,12/12/16,09:48:21,23.080000000,400
US.BAC,0,12/12/16,09:48:21,23.080000000,900
US.BAC,0,12/12/16,09:48:21,23.080000000,400
US.BAC,0,12/12/16,09:48:24,23.090000000,100
US.BAC,0,12/12/16,09:48:25,23.095000000,100
US.BAC,0,12/12/16,09:48:25,23.090000000,300
US.BAC,0,12/12/16,09:48:25,23.090000000,300
US.BAC,0,12/12/16,09:48:27,23.090000000,107
US.BAC,0,12/12/16,09:48:33,23.100000000,400
US.BAC,0,12/12/16,09:48:42,23.105000000,100
US.BAC,0,12/12/16,09:48:49,23.105000000,200
US.BAC,0,12/12/16,09:48:50,23.110000000,242
US.BAC,0,12/12/16,09:48:51,23.110000000,200
US.BAC,0,12/12/16,09:48:51,23.110000000,100
US.BAC,0,12/12/16,09:48:51,23.115000000,100
US.BAC,0,12/12/16,09:48:53,23.115000000,200
US.BAC,0,12/12/16,09:48:53,23.110000000,100
US.BAC,0,12/12/16,09:48:53,23.110000000,200
US.BAC,0,12/12/16,09:48:53,23.110000000,100
US.BAC,0,12/12/16,09:48:53,23.115000000,100
US.BAC,0,12/12/16,09:48:53,23.115000000,100
US.BAC,0,12/12/16,09:48:53,23.110000000,300
US.BAC,0,12/12/16,09:48:53,23.110000000,100
US.BAC,0,12/12/16,09:48:58,23.100000000,100
US.BAC,0,12/12/16,09:48:58,23.100000000,200
US.BAC,0,12/12/16,09:48:58,23.100000000,100
US.BAC,0,12/12/16,09:48:58,23.100000000,200
US.BAC,0,12/12/16,09:49:02,23.105000000,200
US.BAC,0,12/12/16,09:49:05,23.105000000,195
US.BAC,0,12/12/16,09:49:05,23.105000000,200
US.BAC,0,12/12/16,09:49:09,23.110000000,1300
US.BAC,0,12/12/16,09:49:09,23.110000000,100
US.BAC,0,12/12/16,09:49:09,23.115000000,100
US.BAC,0,12/12/16,09:49:09,23.110000000,3600
US.BAC,0,12/12/16,09:49:09,23.110000000,600
US.BAC,0,12/12/16,09:49:09,23.110000000,3600
US.BAC,0,12/12/16,09:49:09,23.110000000,200
US.BAC,0,12/12/16,09:49:09,23.110000000,200
US.BAC,0,12/12/16,09:49:09,23.110000000,200
US.BAC,0,12/12/16,09:49:09,23.110000000,200
US.BAC,0,12/12/16,09:49:09,23.110000000,200
US.BAC,0,12/12/16,09:49:09,23.110000000,300
US.BAC,0,12/12/16,09:49:09,23.110000000,500
US.BAC,0,12/12/16,09:49:09,23.110000000,200
US.BAC,0,12/12/16,09:49:09,23.110000000,200
US.BAC,0,12/12/16,09:49:09,23.110000000,200
US.BAC,0,12/12/16,09:49:12,23.105000000,200
US.BAC,0,12/12/16,09:49:16,23.110000000,200
US.BAC,0,12/12/16,09:49:16,23.110000000,300
US.BAC,0,12/12/16,09:49:16,23.110000000,600
US.BAC,0,12/12/16,09:49:16,23.110000000,100
US.BAC,0,12/12/16,09:49:16,23.110000000,600
US.BAC,0,12/12/16,09:49:16,23.110000000,100
US.BAC,0,12/12/16,09:49:16,23.110000000,100
US.BAC,0,12/12/16,09:49:16,23.110000000,100
US.BAC,0,12/12/16,09:49:16,23.110000000,200
US.BAC,0,12/12/16,09:49:29,23.115000000,100
US.BAC,0,12/12/16,09:49:29,23.110000000,200
US.BAC,0,12/12/16,09:49:29,23.110000000,1795
US.BAC,0,12/12/16,09:49:48,23.105000000,118
US.BAC,0,12/12/16,09:49:56,23.110000000,200
US.BAC,0,12/12/16,09:49:56,23.110000000,100
US.BAC,0,12/12/16,09:49:56,23.110000000,170
US.BAC,0,12/12/16,09:49:57,23.110000000,516
US.BAC,0,12/12/16,09:50:00,23.110000000,200
US.BAC,0,12/12/16,09:50:00,23.110000000,1300
US.BAC,0,12/12/16,09:50:00,23.110000000,500
US.BAC,0,12/12/16,09:50:00,23.110000000,100
US.BAC,0,12/12/16,09:50:00,23.110000000,100
US.BAC,0,12/12/16,09:50:09,23.120000000,100
US.BAC,0,12/12/16,09:50:09,23.120000000,400
US.BAC,0,12/12/16,09:50:09,23.120000000,178
US.BAC,0,12/12/16,09:50:09,23.120000000,200
US.BAC,0,12/12/16,09:50:09,23.120000000,145
US.BAC,0,12/12/16,09:50:11,23.115000000,200
US.BAC,0,12/12/16,09:50:11,23.115000000,200
US.BAC,0,12/12/16,09:50:11,23.115000000,100
US.BAC,0,12/12/16,09:50:12,23.120000000,355
US.BAC,0,12/12/16,09:50:16,23.120000000,100
US.BAC,0,12/12/16,09:50:16,23.120000000,300
US.BAC,0,12/12/16,09:50:16,23.120000000,139
US.BAC,0,12/12/16,09:50:16,23.120000000,400
US.BAC,0,12/12/16,09:50:16,23.120000000,300
US.BAC,0,12/12/16,09:50:16,23.120000000,1900
US.BAC,0,12/12/16,09:50:16,23.115000000,100
US.BAC,0,12/12/16,09:50:18,23.115000000,100
US.BAC,0,12/12/16,09:50:20,23.115000000,200
US.BAC,0,12/12/16,09:50:20,23.115000000,200
US.BAC,0,12/12/16,09:50:20,23.115000000,175
US.BAC,0,12/12/16,09:50:20,23.120000000,100
US.BAC,0,12/12/16,09:50:20,23.120000000,100
US.BAC,0,12/12/16,09:50:20,23.120000000,100
US.BAC,0,12/12/16,09:50:20,23.120000000,300
US.BAC,0,12/12/16,09:50:20,23.120000000,126
US.BAC,0,12/12/16,09:50:20,23.120000000,174
US.BAC,0,12/12/16,09:50:20,23.120000000,100
US.BAC,0,12/12/16,09:50:20,23.120000000,126
US.BAC,0,12/12/16,09:50:20,23.120000000,300
US.BAC,0,12/12/16,09:50:20,23.120000000,100
US.BAC,0,12/12/16,09:50:37,23.125000000,125
US.BAC,0,12/12/16,09:50:44,23.120000000,600
US.BAC,0,12/12/16,09:50:44,23.120000000,5100
US.BAC,0,12/12/16,09:50:44,23.120000000,100
US.BAC,0,12/12/16,09:50:44,23.120000000,100
US.BAC,0,12/12/16,09:50:46,23.120000000,300
US.BAC,0,12/12/16,09:50:46,23.120000000,200
US.BAC,0,12/12/16,09:50:46,23.120000000,130
US.BAC,0,12/12/16,09:50:48,23.120000000,200
US.BAC,0,12/12/16,09:50:48,23.120000000,200
US.BAC,0,12/12/16,09:50:48,23.125000000,200
US.BAC,0,12/12/16,09:50:50,23.120000000,100
US.BAC,0,12/12/16,09:50:50,23.120000000,100
US.BAC,0,12/12/16,09:50:56,23.115000000,200
US.BAC,0,12/12/16,09:50:56,23.115000000,200
US.BAC,0,12/12/16,09:50:56,23.110000000,200
US.BAC,0,12/12/16,09:50:56,23.110000000,200
US.BAC,0,12/12/16,09:50:56,23.110000000,600
US.BAC,0,12/12/16,09:50:56,23.110000000,300
US.BAC,0,12/12/16,09:50:56,23.110000000,300
US.BAC,0,12/12/16,09:50:56,23.110000000,100
US.BAC,0,12/12/16,09:50:56,23.110000000,200
US.BAC,0,12/12/16,09:50:56,23.110000000,800
US.BAC,0,12/12/16,09:50:56,23.110000000,200
US.BAC,0,12/12/16,09:50:56,23.110000000,300
US.BAC,0,12/12/16,09:50:56,23.110000000,200
US.BAC,0,12/12/16,09:50:56,23.110000000,500
US.BAC,0,12/12/16,09:50:56,23.110000000,319
US.BAC,0,12/12/16,09:50:59,23.110000000,200
US.BAC,0,12/12/16,09:50:59,23.110000000,2700
US.BAC,0,12/12/16,09:51:02,23.110000000,100
US.BAC,0,12/12/16,09:51:02,23.110000000,100
US.BAC,0,12/12/16,09:51:04,23.105000000,400
US.BAC,0,12/12/16,09:51:04,23.105000000,200
US.BAC,0,12/12/16,09:51:04,23.105000000,200
US.BAC,0,12/12/16,09:51:04,23.105000000,200
US.BAC,0,12/12/16,09:51:04,23.105000000,200
US.BAC,0,12/12/16,09:51:04,23.100000000,100
US.BAC,0,12/12/16,09:51:05,23.090000000,178
US.BAC,0,12/12/16,09:51:06,23.090000000,515
US.BAC,0,12/12/16,09:51:09,23.100000000,200
US.BAC,0,12/12/16,09:51:17,23.100000000,400
US.BAC,0,12/12/16,09:51:17,23.100000000,200
US.BAC,0,12/12/16,09:51:17,23.100000000,800
US.BAC,0,12/12/16,09:51:17,23.100000000,100
US.BAC,0,12/12/16,09:51:17,23.100000000,400
US.BAC,0,12/12/16,09:51:17,23.100000000,700
US.BAC,0,12/12/16,09:51:17,23.100000000,400
US.BAC,0,12/12/16,09:51:18,23.105000000,200
US.BAC,0,12/12/16,09:51:18,23.105000000,200
US.BAC,0,12/12/16,09:51:20,23.100000000,100
US.BAC,0,12/12/16,09:51:20,23.100000000,100
US.BAC,0,12/12/16,09:51:20,23.100000000,100
US.BAC,0,12/12/16,09:51:25,23.100000000,100
US.BAC,0,12/12/16,09:51:26,23.100000000,400
US.BAC,0,12/12/16,09:51:26,23.100000000,200
US.BAC,0,12/12/16,09:51:26,23.100000000,1000
US.BAC,0,12/12/16,09:51:26,23.100000000,300
US.BAC,0,12/12/16,09:51:26,23.100000000,400
US.BAC,0,12/12/16,09:51:26,23.100000000,200
US.BAC,0,12/12/16,09:51:26,23.100000000,200
US.BAC,0,12/12/16,09:51:26,23.100000000,200
US.BAC,0,12/12/16,09:51:26,23.100000000,200
US.BAC,0,12/12/16,09:51:26,23.100000000,500
US.BAC,0,12/12/16,09:51:26,23.100000000,100
US.BAC,0,12/12/16,09:51:26,23.100000000,300
US.BAC,0,12/12/16,09:51:26,23.100000000,100
US.BAC,0,12/12/16,09:51:26,23.100000000,300
US.BAC,0,12/12/16,09:51:27,23.100000000,100
US.BAC,0,12/12/16,09:51:27,23.100000000,200
US.BAC,0,12/12/16,09:51:27,23.100000000,100
US.BAC,0,12/12/16,09:51:27,23.100000000,300
US.BAC,0,12/12/16,09:51:29,23.100000000,100
US.BAC,0,12/12/16,09:51:29,23.100000000,300
US.BAC,0,12/12/16,09:51:29,23.100000000,100
US.BAC,0,12/12/16,09:51:29,23.100000000,400
US.BAC,0,12/12/16,09:51:29,23.100000000,200
US.BAC,0,12/12/16,09:51:30,23.100000000,100
US.BAC,0,12/12/16,09:51:34,23.100000000,400
US.BAC,0,12/12/16,09:51:34,23.100000000,300
US.BAC,0,12/12/16,09:51:34,23.100000000,200
US.BAC,0,12/12/16,09:51:35,23.105000000,200
US.BAC,0,12/12/16,09:51:38,23.100000000,300
US.BAC,0,12/12/16,09:51:38,23.100000000,400
US.BAC,0,12/12/16,09:51:38,23.100000000,100
US.BAC,0,12/12/16,09:51:38,23.095000000,200
US.BAC,0,12/12/16,09:51:39,23.100000000,195
US.BAC,0,12/12/16,09:51:39,23.100000000,195
US.BAC,0,12/12/16,09:51:57,23.095000000,200
US.BAC,0,12/12/16,09:51:59,23.095000000,200
US.BAC,0,12/12/16,09:52:02,23.095000000,100
US.BAC,0,12/12/16,09:52:02,23.095000000,100
US.BAC,0,12/12/16,09:52:04,23.095000000,100
US.BAC,0,12/12/16,09:52:04,23.095000000,100
US.BAC,0,12/12/16,09:52:10,23.100000000,100
US.BAC,0,12/12/16,09:52:10,23.100000000,400
US.BAC,0,12/12/16,09:52:10,23.100000000,400
US.BAC,0,12/12/16,09:52:10,23.100000000,100
US.BAC,0,12/12/16,09:52:10,23.100000000,200
US.BAC,0,12/12/16,09:52:10,23.100000000,100
US.BAC,0,12/12/16,09:52:10,23.100000000,300
US.BAC,0,12/12/16,09:52:10,23.100000000,100
US.BAC,0,12/12/16,09:52:10,23.100000000,100
US.BAC,0,12/12/16,09:52:10,23.100000000,100
US.BAC,0,12/12/16,09:52:10,23.100000000,300
US.BAC,0,12/12/16,09:52:13,23.095000000,100
US.BAC,0,12/12/16,09:52:17,23.095000000,200
US.BAC,0,12/12/16,09:52:17,23.095000000,200
US.BAC,0,12/12/16,09:52:17,23.095000000,200
US.BAC,0,12/12/16,09:52:17,23.095000000,200
US.BAC,0,12/12/16,09:52:17,23.095000000,100
US.BAC,0,12/12/16,09:52:19,23.095000000,100
US.BAC,0,12/12/16,09:52:20,23.095000000,200
US.BAC,0,12/12/16,09:52:21,23.095000000,100
US.BAC,0,12/12/16,09:52:22,23.095000000,200
US.BAC,0,12/12/16,09:52:22,23.090000000,130
US.BAC,0,12/12/16,09:52:22,23.090000000,5637
US.BAC,0,12/12/16,09:52:22,23.090000000,100
US.BAC,0,12/12/16,09:52:22,23.090000000,200
US.BAC,0,12/12/16,09:52:30,23.080000000,573
US.BAC,0,12/12/16,09:52:30,23.080000000,400
US.BAC,0,12/12/16,09:52:30,23.080000000,3500
US.BAC,0,12/12/16,09:52:30,23.080000000,4000
US.BAC,0,12/12/16,09:52:30,23.075000000,100
US.BAC,0,12/12/16,09:52:31,23.075000000,100
US.BAC,0,12/12/16,09:52:33,23.070000000,300
US.BAC,0,12/12/16,09:52:34,23.065000000,200
US.BAC,0,12/12/16,09:52:36,23.060000000,300
US.BAC,0,12/12/16,09:52:36,23.060000000,400
US.BAC,0,12/12/16,09:52:36,23.060000000,1000
US.BAC,0,12/12/16,09:52:36,23.060000000,200
US.BAC,0,12/12/16,09:52:36,23.060000000,200
US.BAC,0,12/12/16,09:52:36,23.060000000,200
US.BAC,0,12/12/16,09:52:36,23.060000000,200
US.BAC,0,12/12/16,09:52:36,23.060000000,100
US.BAC,0,12/12/16,09:52:36,23.060000000,100
US.BAC,0,12/12/16,09:52:36,23.060000000,200
US.BAC,0,12/12/16,09:52:36,23.060000000,500
US.BAC,0,12/12/16,09:52:36,23.060000000,400
US.BAC,0,12/12/16,09:52:38,23.050000000,400
US.BAC,0,12/12/16,09:52:38,23.050000000,250
US.BAC,0,12/12/16,09:52:38,23.050000000,446
US.BAC,0,12/12/16,09:52:38,23.050000000,354
US.BAC,0,12/12/16,09:52:38,23.050000000,100
US.BAC,0,12/12/16,09:52:38,23.050000000,100
US.BAC,0,12/12/16,09:52:38,23.050000000,200
US.BAC,0,12/12/16,09:52:38,23.050000000,200
US.BAC,0,12/12/16,09:52:38,23.050000000,300
US.BAC,0,12/12/16,09:52:38,23.050000000,100
US.BAC,0,12/12/16,09:52:38,23.050000000,600
US.BAC,0,12/12/16,09:52:38,23.050000000,300
US.BAC,0,12/12/16,09:52:38,23.050000000,400
US.BAC,0,12/12/16,09:52:38,23.050000000,100
US.BAC,0,12/12/16,09:52:38,23.050000000,200
US.BAC,0,12/12/16,09:52:38,23.050000000,800
US.BAC,0,12/12/16,09:52:38,23.055000000,200
US.BAC,0,12/12/16,09:52:38,23.055000000,200
US.BAC,0,12/12/16,09:52:38,23.055000000,200
US.BAC,0,12/12/16,09:52:38,23.055000000,200
US.BAC,0,12/12/16,09:52:38,23.055000000,300
US.BAC,0,12/12/16,09:52:38,23.055000000,400
US.BAC,0,12/12/16,09:52:38,23.055000000,1000
US.BAC,0,12/12/16,09:52:38,23.055000000,200
US.BAC,0,12/12/16,09:52:39,23.060000000,100
US.BAC,0,12/12/16,09:52:43,23.055000000,100
US.BAC,0,12/12/16,09:52:43,23.055000000,100
US.BAC,0,12/12/16,09:52:45,23.060000000,300
US.BAC,0,12/12/16,09:52:45,23.060000000,100
US.BAC,0,12/12/16,09:52:45,23.065000000,200
US.BAC,0,12/12/16,09:52:47,23.070000000,300
US.BAC,0,12/12/16,09:52:47,23.070000000,1300
US.BAC,0,12/12/16,09:52:47,23.070000000,300
US.BAC,0,12/12/16,09:52:47,23.075000000,100
US.BAC,0,12/12/16,09:52:49,23.075000000,200
US.BAC,0,12/12/16,09:52:52,23.075000000,200
US.BAC,0,12/12/16,09:52:56,23.080000000,300
US.BAC,0,12/12/16,09:52:56,23.080000000,400
US.BAC,0,12/12/16,09:52:56,23.080000000,100
US.BAC,0,12/12/16,09:52:56,23.080000000,400
US.BAC,0,12/12/16,09:52:56,23.080000000,100
US.BAC,0,12/12/16,09:52:56,23.080000000,200
US.BAC,0,12/12/16,09:52:56,23.080000000,400
US.BAC,0,12/12/16,09:52:56,23.080000000,200
US.BAC,0,12/12/16,09:52:56,23.080000000,300
US.BAC,0,12/12/16,09:53:07,23.070000000,200
US.BAC,0,12/12/16,09:53:07,23.070000000,600
US.BAC,0,12/12/16,09:53:07,23.070000000,500
US.BAC,0,12/12/16,09:53:19,23.070000000,100
US.BAC,0,12/12/16,09:53:19,23.070000000,100
US.BAC,0,12/12/16,09:53:19,23.070000000,500
US.BAC,0,12/12/16,09:53:19,23.070000000,200
US.BAC,0,12/12/16,09:53:19,23.070000000,255
US.BAC,0,12/12/16,09:53:19,23.070000000,100
US.BAC,0,12/12/16,09:53:19,23.070000000,400
US.BAC,0,12/12/16,09:53:22,23.070000000,200
US.BAC,0,12/12/16,09:53:24,23.070000000,300
US.BAC,0,12/12/16,09:53:26,23.070000000,100
US.BAC,0,12/12/16,09:53:30,23.070000000,400
US.BAC,0,12/12/16,09:53:30,23.070000000,2800
US.BAC,0,12/12/16,09:53:33,23.075000000,100
US.BAC,0,12/12/16,09:53:39,23.070000000,300
US.BAC,0,12/12/16,09:53:39,23.070000000,1499
US.BAC,0,12/12/16,09:53:46,23.070000000,157
US.BAC,0,12/12/16,09:53:48,23.065000000,200
US.BAC,0,12/12/16,09:53:48,23.065000000,200
US.BAC,0,12/12/16,09:53:48,23.065000000,200
US.BAC,0,12/12/16,09:53:48,23.065000000,400
US.BAC,0,12/12/16,09:53:48,23.065000000,600
US.BAC,0,12/12/16,09:53:48,23.065000000,700
US.BAC,0,12/12/16,09:53:48,23.065000000,200
US.BAC,0,12/12/16,09:53:48,23.065000000,200
US.BAC,0,12/12/16,09:53:49,23.065000000,100
US.BAC,0,12/12/16,09:53:49,23.060000000,200
US.BAC,0,12/12/16,09:53:49,23.060000000,300
US.BAC,0,12/12/16,09:53:49,23.060000000,200
US.BAC,0,12/12/16,09:53:49,23.060000000,100
US.BAC,0,12/12/16,09:53:49,23.060000000,400
US.BAC,0,12/12/16,09:53:52,23.055000000,200
US.BAC,0,12/12/16,09:53:55,23.055000000,200
US.BAC,0,12/12/16,09:53:56,23.055000000,100
US.BAC,0,12/12/16,09:53:57,23.060000000,100
US.BAC,0,12/12/16,09:54:00,23.055000000,200
US.BAC,0,12/12/16,09:54:03,23.050000000,100
US.BAC,0,12/12/16,09:54:03,23.050000000,100
US.BAC,0,12/12/16,09:54:03,23.050000000,100
US.BAC,0,12/12/16,09:54:03,23.050000000,100
US.BAC,0,12/12/16,09:54:03,23.050000000,400
US.BAC,0,12/12/16,09:54:03,23.050000000,300
US.BAC,0,12/12/16,09:54:03,23.050000000,100
US.BAC,0,12/12/16,09:54:04,23.045000000,100
US.BAC,0,12/12/16,09:54:08,23.045000000,200
US.BAC,0,12/12/16,09:54:11,23.045000000,200
US.BAC,0,12/12/16,09:54:12,23.045000000,100
US.BAC,0,12/12/16,09:54:12,23.045000000,100
US.BAC,0,12/12/16,09:54:12,23.045000000,100
US.BAC,0,12/12/16,09:54:12,23.045000000,100
US.BAC,0,12/12/16,09:54:12,23.045000000,200
US.BAC,0,12/12/16,09:54:12,23.045000000,100
US.BAC,0,12/12/16,09:54:17,23.045000000,200
US.BAC,0,12/12/16,09:54:17,23.040000000,200
US.BAC,0,12/12/16,09:54:17,23.040000000,400
US.BAC,0,12/12/16,09:54:17,23.040000000,100
US.BAC,0,12/12/16,09:54:24,23.035000000,200
US.BAC,0,12/12/16,09:54:25,23.040000000,300
US.BAC,0,12/12/16,09:54:25,23.040000000,300
US.BAC,0,12/12/16,09:54:26,23.040000000,100
US.BAC,0,12/12/16,09:54:26,23.040000000,400
US.BAC,0,12/12/16,09:54:26,23.040000000,175
US.BAC,0,12/12/16,09:54:26,23.040000000,100
US.BAC,0,12/12/16,09:54:26,23.040000000,100
US.BAC,0,12/12/16,09:54:26,23.040000000,100
US.BAC,0,12/12/16,09:54:26,23.040000000,2529
US.BAC,0,12/12/16,09:54:26,23.040000000,200
US.BAC,0,12/12/16,09:54:26,23.040000000,100
US.BAC,0,12/12/16,09:54:27,23.050000000,200
US.BAC,0,12/12/16,09:54:27,23.050000000,400
US.BAC,0,12/12/16,09:54:27,23.050000000,200
US.BAC,0,12/12/16,09:54:27,23.050000000,300
US.BAC,0,12/12/16,09:54:27,23.050000000,500
US.BAC,0,12/12/16,09:54:27,23.050000000,300
US.BAC,0,12/12/16,09:54:27,23.050000000,200
US.BAC,0,12/12/16,09:54:27,23.050000000,900
US.BAC,0,12/12/16,09:54:27,23.050000000,100
US.BAC,0,12/12/16,09:54:36,23.060000000,100
US.BAC,0,12/12/16,09:54:36,23.060000000,700
US.BAC,0,12/12/16,09:54:40,23.060000000,3900
US.BAC,0,12/12/16,09:54:40,23.060000000,100
US.BAC,0,12/12/16,09:54:40,23.070000000,400
US.BAC,0,12/12/16,09:54:40,23.070000000,200
US.BAC,0,12/12/16,09:54:40,23.070000000,400
US.BAC,0,12/12/16,09:54:40,23.070000000,800
US.BAC,0,12/12/16,09:54:40,23.070000000,2400
US.BAC,0,12/12/16,09:54:40,23.070000000,300
US.BAC,0,12/12/16,09:54:40,23.070000000,3400
US.BAC,0,12/12/16,09:54:40,23.070000000,200
US.BAC,0,12/12/16,09:54:40,23.070000000,200
US.BAC,0,12/12/16,09:54:40,23.070000000,200
US.BAC,0,12/12/16,09:54:40,23.070000000,500
US.BAC,0,12/12/16,09:54:40,23.070000000,200
US.BAC,0,12/12/16,09:54:40,23.070000000,100
US.BAC,0,12/12/16,09:54:40,23.070000000,100
US.BAC,0,12/12/16,09:54:45,23.070000000,400
US.BAC,0,12/12/16,09:54:45,23.070000000,500
US.BAC,0,12/12/16,09:54:45,23.070000000,300
US.BAC,0,12/12/16,09:54:45,23.070000000,400
US.BAC,0,12/12/16,09:54:48,23.070000000,2300
US.BAC,0,12/12/16,09:54:48,23.070000000,400
US.BAC,0,12/12/16,09:54:48,23.070000000,300
US.BAC,0,12/12/16,09:54:48,23.070000000,200
US.BAC,0,12/12/16,09:54:50,23.070000000,300
US.BAC,0,12/12/16,09:54:51,23.070000000,300
US.BAC,0,12/12/16,09:54:51,23.070000000,1200
US.BAC,0,12/12/16,09:55:01,23.065000000,200
US.BAC,0,12/12/16,09:55:21,23.065000000,200
US.BAC,0,12/12/16,09:55:21,23.065000000,100
US.BAC,0,12/12/16,09:55:21,23.070000000,300
US.BAC,0,12/12/16,09:55:21,23.070000000,400
US.BAC,0,12/12/16,09:55:21,23.070000000,200
US.BAC,0,12/12/16,09:55:21,23.070000000,100
US.BAC,0,12/12/16,09:55:21,23.070000000,200
US.BAC,0,12/12/16,09:55:21,23.070000000,200
US.BAC,0,12/12/16,09:55:21,23.070000000,200
US.BAC,0,12/12/16,09:55:21,23.070000000,1100
US.BAC,0,12/12/16,09:55:21,23.070000000,200
US.BAC,0,12/12/16,09:55:24,23.075000000,100
US.BAC,0,12/12/16,09:55:24,23.075000000,100
US.BAC,0,12/12/16,09:55:24,23.075000000,100
US.BAC,0,12/12/16,09:55:25,23.075000000,100
US.BAC,0,12/12/16,09:55:25,23.075000000,100
US.BAC,0,12/12/16,09:55:26,23.070000000,200
US.BAC,0,12/12/16,09:55:26,23.070000000,400
US.BAC,0,12/12/16,09:55:26,23.070000000,600
US.BAC,0,12/12/16,09:55:26,23.070000000,4400
US.BAC,0,12/12/16,09:55:31,23.070000000,1000
US.BAC,0,12/12/16,09:55:31,23.070000000,200
US.BAC,0,12/12/16,09:55:31,23.070000000,100
US.BAC,0,12/12/16,09:55:31,23.070000000,338
US.BAC,0,12/12/16,09:55:38,23.080000000,200
US.BAC,0,12/12/16,09:55:38,23.080000000,200
US.BAC,0,12/12/16,09:55:38,23.080000000,100
US.BAC,0,12/12/16,09:55:39,23.090000000,200
US.BAC,0,12/12/16,09:55:39,23.090000000,200
US.BAC,0,12/12/16,09:55:39,23.090000000,200
US.BAC,0,12/12/16,09:55:39,23.090000000,200
US.BAC,0,12/12/16,09:55:39,23.090000000,300
US.BAC,0,12/12/16,09:55:39,23.090000000,400
US.BAC,0,12/12/16,09:55:40,23.090000000,400
US.BAC,0,12/12/16,09:55:40,23.090000000,200
US.BAC,0,12/12/16,09:55:40,23.090000000,300
US.BAC,0,12/12/16,09:55:40,23.090000000,300
US.BAC,0,12/12/16,09:55:40,23.090000000,100
US.BAC,0,12/12/16,09:55:40,23.090000000,300
US.BAC,0,12/12/16,09:55:45,23.090000000,300
US.BAC,0,12/12/16,09:55:45,23.090000000,300
US.BAC,0,12/12/16,09:55:45,23.090000000,100
US.BAC,0,12/12/16,09:55:45,23.090000000,200
US.BAC,0,12/12/16,09:55:45,23.090000000,300
US.BAC,0,12/12/16,09:55:45,23.090000000,399
US.BAC,0,12/12/16,09:55:45,23.090000000,100
US.BAC,0,12/12/16,09:55:45,23.090000000,200
US.BAC,0,12/12/16,09:55:47,23.095000000,200
US.BAC,0,12/12/16,09:55:47,23.095000000,200
US.BAC,0,12/12/16,09:55:47,23.100000000,400
US.BAC,0,12/12/16,09:55:47,23.100000000,200
US.BAC,0,12/12/16,09:55:47,23.100000000,300
US.BAC,0,12/12/16,09:55:47,23.100000000,400
US.BAC,0,12/12/16,09:55:47,23.100000000,200
US.BAC,0,12/12/16,09:55:47,23.100000000,200
US.BAC,0,12/12/16,09:55:47,23.100000000,600
US.BAC,0,12/12/16,09:55:47,23.100000000,200
US.BAC,0,12/12/16,09:55:47,23.100000000,200
US.BAC,0,12/12/16,09:55:47,23.100000000,100
US.BAC,0,12/12/16,09:55:47,23.100000000,200
US.BAC,0,12/12/16,09:55:47,23.100000000,200
US.BAC,0,12/12/16,09:55:47,23.100000000,200
US.BAC,0,12/12/16,09:55:47,23.100000000,100
US.BAC,0,12/12/16,09:55:50,23.110000000,200
US.BAC,0,12/12/16,09:55:50,23.110000000,200
US.BAC,0,12/12/16,09:55:50,23.110000000,200
US.BAC,0,12/12/16,09:55:50,23.110000000,100
US.BAC,0,12/12/16,09:55:50,23.110000000,200
US.BAC,0,12/12/16,09:55:50,23.110000000,100
US.BAC,0,12/12/16,09:55:50,23.110000000,400
US.BAC,0,12/12/16,09:55:50,23.110000000,200
US.BAC,0,12/12/16,09:55:50,23.110000000,300
US.BAC,0,12/12/16,09:55:50,23.110000000,200
US.BAC,0,12/12/16,09:55:50,23.110000000,200
US.BAC,0,12/12/16,09:55:56,23.120000000,200
US.BAC,0,12/12/16,09:55:56,23.120000000,100
US.BAC,0,12/12/16,09:55:56,23.120000000,100
US.BAC,0,12/12/16,09:55:56,23.120000000,200
US.BAC,0,12/12/16,09:55:56,23.120000000,200
US.BAC,0,12/12/16,09:55:56,23.120000000,200
US.BAC,0,12/12/16,09:55:56,23.120000000,100
US.BAC,0,12/12/16,09:55:56,23.120000000,100
US.BAC,0,12/12/16,09:55:56,23.120000000,250
US.BAC,0,12/12/16,09:55:56,23.120000000,400
US.BAC,0,12/12/16,09:55:56,23.120000000,1300
US.BAC,0,12/12/16,09:55:56,23.120000000,300
US.BAC,0,12/12/16,09:55:56,23.120000000,200
US.BAC,0,12/12/16,09:55:56,23.120000000,400
US.BAC,0,12/12/16,09:55:56,23.120000000,300
US.BAC,0,12/12/16,09:55:56,23.120000000,500
US.BAC,0,12/12/16,09:55:56,23.120000000,100
US.BAC,0,12/12/16,09:55:57,23.115000000,200
US.BAC,0,12/12/16,09:55:57,23.115000000,200
US.BAC,0,12/12/16,09:55:59,23.130000000,200
US.BAC,0,12/12/16,09:55:59,23.130000000,200
US.BAC,0,12/12/16,09:55:59,23.130000000,200
US.BAC,0,12/12/16,09:55:59,23.130000000,200
US.BAC,0,12/12/16,09:55:59,23.140000000,200
US.BAC,0,12/12/16,09:55:59,23.140000000,200
US.BAC,0,12/12/16,09:55:59,23.140000000,200
US.BAC,0,12/12/16,09:55:59,23.140000000,200
US.BAC,0,12/12/16,09:55:59,23.140000000,200
US.BAC,0,12/12/16,09:55:59,23.140000000,100
US.BAC,0,12/12/16,09:56:03,23.145000000,200
US.BAC,0,12/12/16,09:56:03,23.145000000,200
US.BAC,0,12/12/16,09:56:03,23.140000000,200
US.BAC,0,12/12/16,09:56:03,23.140000000,400
US.BAC,0,12/12/16,09:56:03,23.140000000,300
US.BAC,0,12/12/16,09:56:03,23.140000000,400
US.BAC,0,12/12/16,09:56:03,23.140000000,200
US.BAC,0,12/12/16,09:56:03,23.140000000,200
US.BAC,0,12/12/16,09:56:03,23.140000000,200
US.BAC,0,12/12/16,09:56:03,23.140000000,200
US.BAC,0,12/12/16,09:56:03,23.140000000,200
US.BAC,0,12/12/16,09:56:03,23.140000000,300
US.BAC,0,12/12/16,09:56:03,23.140000000,1700
US.BAC,0,12/12/16,09:56:03,23.140000000,100
US.BAC,0,12/12/16,09:56:03,23.140000000,300
US.BAC,0,12/12/16,09:56:03,23.140000000,100
US.BAC,0,12/12/16,09:56:03,23.140000000,100
US.BAC,0,12/12/16,09:56:03,23.140000000,400
US.BAC,0,12/12/16,09:56:03,23.145000000,300
US.BAC,0,12/12/16,09:56:03,23.145000000,200
US.BAC,0,12/12/16,09:56:03,23.145000000,200
US.BAC,0,12/12/16,09:56:03,23.145000000,200
US.BAC,0,12/12/16,09:56:03,23.145000000,200
US.BAC,0,12/12/16,09:56:03,23.145000000,200
US.BAC,0,12/12/16,09:56:03,23.150000000,200
US.BAC,0,12/12/16,09:56:03,23.150000000,200
US.BAC,0,12/12/16,09:56:03,23.150000000,200
US.BAC,0,12/12/16,09:56:07,23.145000000,200
US.BAC,0,12/12/16,09:56:07,23.145000000,200
US.BAC,0,12/12/16,09:56:07,23.145000000,200
US.BAC,0,12/12/16,09:56:07,23.145000000,200
US.BAC,0,12/12/16,09:56:07,23.145000000,200
US.BAC,0,12/12/16,09:56:07,23.140000000,200
US.BAC,0,12/12/16,09:56:07,23.140000000,300
US.BAC,0,12/12/16,09:56:07,23.140000000,400
US.BAC,0,12/12/16,09:56:07,23.140000000,200
US.BAC,0,12/12/16,09:56:07,23.140000000,100
US.BAC,0,12/12/16,09:56:07,23.140000000,400
US.BAC,0,12/12/16,09:56:07,23.140000000,600
US.BAC,0,12/12/16,09:56:07,23.140000000,100
US.BAC,0,12/12/16,09:56:07,23.140000000,300
US.BAC,0,12/12/16,09:56:07,23.140000000,100
US.BAC,0,12/12/16,09:56:10,23.145000000,200
US.BAC,0,12/12/16,09:56:11,23.140000000,200
US.BAC,0,12/12/16,09:56:11,23.140000000,100
US.BAC,0,12/12/16,09:56:11,23.140000000,300
US.BAC,0,12/12/16,09:56:11,23.140000000,200
US.BAC,0,12/12/16,09:56:11,23.140000000,200
US.BAC,0,12/12/16,09:56:11,23.140000000,400
US.BAC,0,12/12/16,09:56:11,23.140000000,200
