<TICKER>,<PER>,<DATE>,<TIME>,<LAST>,<VOL>
US1.WFC,0,12/12/16,09:30:03,56.530000000,200
US1.WFC,0,12/12/16,09:30:08,56.560000000,100
US1.WFC,0,12/12/16,09:30:09,56.560000000,100
US1.WFC,0,12/12/16,09:30:15,56.620000000,300
US1.WFC,0,12/12/16,09:30:25,56.600000000,1200
US1.WFC,0,12/12/16,09:30:25,56.600000000,2767
US1.WFC,0,12/12/16,09:30:29,56.640000000,200
US1.WFC,0,12/12/16,09:31:11,56.680000000,100
US1.WFC,0,12/12/16,09:31:11,56.680000000,100
US1.WFC,0,12/12/16,09:31:11,56.680000000,100
US1.WFC,0,12/12/16,09:31:11,56.680000000,100
US1.WFC,0,12/12/16,09:31:11,56.680000000,100
US1.WFC,0,12/12/16,09:31:11,56.690000000,100
US1.WFC,0,12/12/16,09:31:11,56.690000000,200
US1.WFC,0,12/12/16,09:31:11,56.670000000,268
US1.WFC,0,12/12/16,09:31:11,56.670000000,200
US1.WFC,0,12/12/16,09:31:11,56.670000000,200
US1.WFC,0,12/12/16,09:31:11,56.670000000,100
US1.WFC,0,12/12/16,09:31:12,56.690000000,100
US1.WFC,0,12/12/16,09:31:13,56.700000000,400
US1.WFC,0,12/12/16,09:31:13,56.700000000,100
US1.WFC,0,12/12/16,09:31:13,56.730000000,100
US1.WFC,0,12/12/16,09:31:13,56.750000000,100
US1.WFC,0,12/12/16,09:31:14,56.740000000,200
US1.WFC,0,12/12/16,09:31:15,56.740000000,400
US1.WFC,0,12/12/16,09:31:15,56.750000000,300
US1.WFC,0,12/12/16,09:31:16,56.750000000,100
US1.WFC,0,12/12/16,09:31:16,56.740000000,100
US1.WFC,0,12/12/16,09:31:16,56.740000000,100
US1.WFC,0,12/12/16,09:31:16,56.740000000,200
US1.WFC,0,12/12/16,09:31:17,56.730000000,100
US1.WFC,0,12/12/16,09:31:17,56.720000000,100
US1.WFC,0,12/12/16,09:31:17,56.720000000,100
US1.WFC,0,12/12/16,09:31:17,56.710000000,400
US1.WFC,0,12/12/16,09:31:17,56.730000000,100
US1.WFC,0,12/12/16,09:31:17,56.730000000,100
US1.WFC,0,12/12/16,09:31:18,56.690000000,100
US1.WFC,0,12/12/16,09:31:18,56.660000000,100
US1.WFC,0,12/12/16,09:31:19,56.670000000,100
US1.WFC,0,12/12/16,09:31:19,56.660000000,100
US1.WFC,0,12/12/16,09:31:19,56.650000000,100
US1.WFC,0,12/12/16,09:31:19,56.640000000,100
US1.WFC,0,12/12/16,09:31:19,56.640000000,100
US1.WFC,0,12/12/16,09:31:19,56.650000000,100
US1.WFC,0,12/12/16,09:31:19,56.670000000,100
US1.WFC,0,12/12/16,09:31:19,56.670000000,100
US1.WFC,0,12/12/16,09:31:19,56.640000000,200
US1.WFC,0,12/12/16,09:31:20,56.620000000,100
US1.WFC,0,12/12/16,09:31:20,56.630000000,100
US1.WFC,0,12/12/16,09:31:20,56.660000000,197
US1.WFC,0,12/12/16,09:31:20,56.660000000,1003
US1.WFC,0,12/12/16,09:31:20,56.660000000,197
US1.WFC,0,12/12/16,09:31:20,56.660000000,603
US1.WFC,0,12/12/16,09:31:26,56.650000000,100
US1.WFC,0,12/12/16,09:31:26,56.650000000,200
US1.WFC,0,12/12/16,09:31:26,56.690000000,300
US1.WFC,0,12/12/16,09:31:27,56.700000000,500
US1.WFC,0,12/12/16,09:31:27,56.710000000,500
US1.WFC,0,12/12/16,09:31:32,56.730000000,300
US1.WFC,0,12/12/16,09:31:32,56.720000000,152
US1.WFC,0,12/12/16,09:31:32,56.720000000,148
US1.WFC,0,12/12/16,09:31:32,56.720000000,100
US1.WFC,0,12/12/16,09:31:32,56.730000000,100
US1.WFC,0,12/12/16,09:31:32,56.720000000,100
US1.WFC,0,12/12/16,09:31:32,56.725000000,100
US1.WFC,0,12/12/16,09:31:32,56.720000000,200
US1.WFC,0,12/12/16,09:31:32,56.740000000,100
US1.WFC,0,12/12/16,09:31:32,56.740000000,100
US1.WFC,0,12/12/16,09:31:32,56.740000000,100
US1.WFC,0,12/12/16,09:31:33,56.740000000,100
US1.WFC,0,12/12/16,09:31:33,56.740000000,100
US1.WFC,0,12/12/16,09:31:33,56.740000000,100
US1.WFC,0,12/12/16,09:31:33,56.740000000,100
US1.WFC,0,12/12/16,09:31:40,56.700000000,100
US1.WFC,0,12/12/16,09:31:40,56.700000000,100
US1.WFC,0,12/12/16,09:31:40,56.700000000,194
US1.WFC,0,12/12/16,09:31:53,56.670000000,700
US1.WFC,0,12/12/16,09:31:53,56.670000000,300
US1.WFC,0,12/12/16,09:32:02,56.610000000,100
US1.WFC,0,12/12/16,09:32:06,56.590000000,1100
US1.WFC,0,12/12/16,09:32:06,56.590000000,100
US1.WFC,0,12/12/16,09:32:08,56.600000000,900
US1.WFC,0,12/12/16,09:32:08,56.600000000,300
US1.WFC,0,12/12/16,09:32:19,56.590000000,200
US1.WFC,0,12/12/16,09:32:21,56.600000000,400
US1.WFC,0,12/12/16,09:32:28,56.630000000,100
US1.WFC,0,12/12/16,09:32:28,56.630000000,100
US1.WFC,0,12/12/16,09:32:28,56.630000000,100
US1.WFC,0,12/12/16,09:32:28,56.630000000,200
US1.WFC,0,12/12/16,09:32:28,56.630000000,100
US1.WFC,0,12/12/16,09:32:29,56.640000000,500
US1.WFC,0,12/12/16,09:32:33,56.660000000,200
US1.WFC,0,12/12/16,09:32:42,56.670000000,100
US1.WFC,0,12/12/16,09:32:42,56.670000000,100
US1.WFC,0,12/12/16,09:32:44,56.680000000,200
US1.WFC,0,12/12/16,09:32:45,56.670000000,400
US1.WFC,0,12/12/16,09:32:45,56.670000000,200
US1.WFC,0,12/12/16,09:32:45,56.670000000,100
US1.WFC,0,12/12/16,09:32:49,56.655000000,300
US1.WFC,0,12/12/16,09:32:52,56.650000000,100
US1.WFC,0,12/12/16,09:32:52,56.650000000,100
US1.WFC,0,12/12/16,09:32:52,56.640000000,100
US1.WFC,0,12/12/16,09:32:52,56.630000000,100
US1.WFC,0,12/12/16,09:32:52,56.660000000,200
US1.WFC,0,12/12/16,09:32:52,56.660000000,200
US1.WFC,0,12/12/16,09:32:52,56.660000000,200
US1.WFC,0,12/12/16,09:32:52,56.660000000,200
US1.WFC,0,12/12/16,09:32:52,56.670000000,200
US1.WFC,0,12/12/16,09:32:52,56.670000000,100
US1.WFC,0,12/12/16,09:32:52,56.670000000,100
US1.WFC,0,12/12/16,09:32:52,56.670000000,100
US1.WFC,0,12/12/16,09:32:52,56.670000000,200
US1.WFC,0,12/12/16,09:32:52,56.670000000,100
US1.WFC,0,12/12/16,09:32:53,56.680000000,400
US1.WFC,0,12/12/16,09:32:53,56.690000000,100
US1.WFC,0,12/12/16,09:32:54,56.700000000,100
US1.WFC,0,12/12/16,09:32:57,56.730000000,400
US1.WFC,0,12/12/16,09:32:59,56.740000000,600
US1.WFC,0,12/12/16,09:33:00,56.750000000,900
US1.WFC,0,12/12/16,09:33:09,56.750000000,100
US1.WFC,0,12/12/16,09:33:11,56.760000000,100
US1.WFC,0,12/12/16,09:33:11,56.760000000,800
US1.WFC,0,12/12/16,09:33:11,56.760000000,100
US1.WFC,0,12/12/16,09:33:11,56.760000000,501
US1.WFC,0,12/12/16,09:33:11,56.760000000,199
US1.WFC,0,12/12/16,09:33:11,56.760000000,100
US1.WFC,0,12/12/16,09:33:11,56.770000000,400
US1.WFC,0,12/12/16,09:33:13,56.760000000,100
US1.WFC,0,12/12/16,09:33:14,56.770000000,400
US1.WFC,0,12/12/16,09:33:15,56.780000000,100
US1.WFC,0,12/12/16,09:33:16,56.800000000,100
US1.WFC,0,12/12/16,09:33:19,56.800000000,100
US1.WFC,0,12/12/16,09:33:20,56.770000000,100
US1.WFC,0,12/12/16,09:33:21,56.770000000,100
US1.WFC,0,12/12/16,09:33:29,56.760000000,334
US1.WFC,0,12/12/16,09:33:30,56.760000000,100
US1.WFC,0,12/12/16,09:33:31,56.760000000,100
US1.WFC,0,12/12/16,09:33:33,56.750000000,200
US1.WFC,0,12/12/16,09:33:33,56.750000000,100
US1.WFC,0,12/12/16,09:33:35,56.760000000,100
US1.WFC,0,12/12/16,09:33:35,56.760000000,100
US1.WFC,0,12/12/16,09:33:35,56.760000000,100
US1.WFC,0,12/12/16,09:33:35,56.760000000,100
US1.WFC,0,12/12/16,09:33:47,56.750000000,100
US1.WFC,0,12/12/16,09:33:47,56.750000000,100
US1.WFC,0,12/12/16,09:33:51,56.750000000,100
US1.WFC,0,12/12/16,09:33:51,56.750000000,100
US1.WFC,0,12/12/16,09:33:51,56.750000000,100
US1.WFC,0,12/12/16,09:33:51,56.750000000,100
US1.WFC,0,12/12/16,09:33:54,56.760000000,200
US1.WFC,0,12/12/16,09:33:54,56.760000000,100
US1.WFC,0,12/12/16,09:33:59,56.750000000,100
US1.WFC,0,12/12/16,09:34:03,56.740000000,300
US1.WFC,0,12/12/16,09:34:04,56.760000000,100
US1.WFC,0,12/12/16,09:34:06,56.760000000,300
US1.WFC,0,12/12/16,09:34:08,56.770000000,100
US1.WFC,0,12/12/16,09:34:08,56.770000000,200
US1.WFC,0,12/12/16,09:34:08,56.770000000,250
US1.WFC,0,12/12/16,09:34:10,56.780000000,100
US1.WFC,0,12/12/16,09:34:10,56.780000000,391
US1.WFC,0,12/12/16,09:34:10,56.780000000,100
US1.WFC,0,12/12/16,09:34:11,56.770000000,100
US1.WFC,0,12/12/16,09:34:14,56.740000000,100
US1.WFC,0,12/12/16,09:34:14,56.740000000,100
US1.WFC,0,12/12/16,09:34:20,56.740000000,400
US1.WFC,0,12/12/16,09:34:20,56.740000000,100
US1.WFC,0,12/12/16,09:34:21,56.710000000,200
US1.WFC,0,12/12/16,09:34:22,56.710000000,100
US1.WFC,0,12/12/16,09:34:22,56.710000000,100
US1.WFC,0,12/12/16,09:34:26,56.725000000,538
US1.WFC,0,12/12/16,09:34:29,56.730000000,763
US1.WFC,0,12/12/16,09:34:36,56.710000000,100
US1.WFC,0,12/12/16,09:34:38,56.700000000,100
US1.WFC,0,12/12/16,09:34:52,56.680000000,200
US1.WFC,0,12/12/16,09:34:52,56.670000000,100
US1.WFC,0,12/12/16,09:34:52,56.670000000,100
US1.WFC,0,12/12/16,09:34:53,56.650000000,100
US1.WFC,0,12/12/16,09:34:55,56.650000000,300
US1.WFC,0,12/12/16,09:34:56,56.660000000,200
US1.WFC,0,12/12/16,09:34:56,56.660000000,600
US1.WFC,0,12/12/16,09:35:00,56.670000000,100
US1.WFC,0,12/12/16,09:35:08,56.700000000,100
US1.WFC,0,12/12/16,09:35:08,56.700000000,100
US1.WFC,0,12/12/16,09:35:10,56.760000000,100
US1.WFC,0,12/12/16,09:35:10,56.760000000,300
US1.WFC,0,12/12/16,09:35:10,56.780000000,100
US1.WFC,0,12/12/16,09:35:12,56.790000000,100
US1.WFC,0,12/12/16,09:35:13,56.800000000,100
US1.WFC,0,12/12/16,09:35:13,56.820000000,100
US1.WFC,0,12/12/16,09:35:14,56.840000000,100
US1.WFC,0,12/12/16,09:35:17,56.850000000,100
US1.WFC,0,12/12/16,09:35:17,56.820000000,100
US1.WFC,0,12/12/16,09:35:17,56.820000000,100
US1.WFC,0,12/12/16,09:35:19,56.780000000,300
US1.WFC,0,12/12/16,09:35:19,56.780000000,100
US1.WFC,0,12/12/16,09:35:19,56.770000000,100
US1.WFC,0,12/12/16,09:35:20,56.780000000,100
US1.WFC,0,12/12/16,09:35:21,56.800000000,100
US1.WFC,0,12/12/16,09:35:24,56.810000000,100
US1.WFC,0,12/12/16,09:35:24,56.820000000,100
US1.WFC,0,12/12/16,09:35:29,56.810000000,100
US1.WFC,0,12/12/16,09:35:30,56.810000000,500
US1.WFC,0,12/12/16,09:35:37,56.800000000,200
US1.WFC,0,12/12/16,09:35:37,56.800000000,100
US1.WFC,0,12/12/16,09:35:38,56.800000000,100
US1.WFC,0,12/12/16,09:35:38,56.790000000,100
US1.WFC,0,12/12/16,09:35:38,56.790000000,100
US1.WFC,0,12/12/16,09:35:40,56.790000000,100
US1.WFC,0,12/12/16,09:35:40,56.790000000,200
US1.WFC,0,12/12/16,09:35:40,56.790000000,100
US1.WFC,0,12/12/16,09:35:41,56.780000000,100
US1.WFC,0,12/12/16,09:35:41,56.790000000,300
US1.WFC,0,12/12/16,09:35:41,56.790000000,100
US1.WFC,0,12/12/16,09:35:43,56.790000000,100
US1.WFC,0,12/12/16,09:35:44,56.790000000,100
US1.WFC,0,12/12/16,09:35:44,56.790000000,100
US1.WFC,0,12/12/16,09:35:44,56.790000000,300
US1.WFC,0,12/12/16,09:35:45,56.780000000,100
US1.WFC,0,12/12/16,09:35:47,56.770000000,100
US1.WFC,0,12/12/16,09:35:47,56.770000000,100
US1.WFC,0,12/12/16,09:35:51,56.760000000,200
US1.WFC,0,12/12/16,09:35:52,56.760000000,100
US1.WFC,0,12/12/16,09:35:52,56.760000000,100
US1.WFC,0,12/12/16,09:35:56,56.750000000,198
US1.WFC,0,12/12/16,09:35:59,56.740000000,100
US1.WFC,0,12/12/16,09:36:01,56.760000000,100
US1.WFC,0,12/12/16,09:36:01,56.760000000,100
US1.WFC,0,12/12/16,09:36:06,56.755000000,100
US1.WFC,0,12/12/16,09:36:09,56.740000000,100
US1.WFC,0,12/12/16,09:36:10,56.750000000,100
US1.WFC,0,12/12/16,09:36:10,56.750000000,100
US1.WFC,0,12/12/16,09:36:10,56.750000000,100
US1.WFC,0,12/12/16,09:36:11,56.760000000,100
US1.WFC,0,12/12/16,09:36:15,56.760000000,100
US1.WFC,0,12/12/16,09:36:15,56.760000000,100
US1.WFC,0,12/12/16,09:36:16,56.750000000,100
US1.WFC,0,12/12/16,09:36:16,56.760000000,100
US1.WFC,0,12/12/16,09:36:16,56.760000000,100
US1.WFC,0,12/12/16,09:36:16,56.760000000,500
US1.WFC,0,12/12/16,09:36:16,56.760000000,100
US1.WFC,0,12/12/16,09:36:16,56.750000000,100
US1.WFC,0,12/12/16,09:36:16,56.750000000,100
US1.WFC,0,12/12/16,09:36:16,56.740000000,200
US1.WFC,0,12/12/16,09:36:16,56.740000000,100
US1.WFC,0,12/12/16,09:36:16,56.740000000,100
US1.WFC,0,12/12/16,09:36:17,56.740000000,100
US1.WFC,0,12/12/16,09:36:17,56.740000000,100
US1.WFC,0,12/12/16,09:36:17,56.740000000,100
US1.WFC,0,12/12/16,09:36:22,56.740000000,100
US1.WFC,0,12/12/16,09:36:22,56.740000000,100
US1.WFC,0,12/12/16,09:36:22,56.740000000,100
US1.WFC,0,12/12/16,09:36:22,56.740000000,100
US1.WFC,0,12/12/16,09:36:26,56.740000000,300
US1.WFC,0,12/12/16,09:36:32,56.740000000,100
US1.WFC,0,12/12/16,09:36:32,56.740000000,100
US1.WFC,0,12/12/16,09:36:36,56.740000000,1200
US1.WFC,0,12/12/16,09:36:37,56.750000000,100
US1.WFC,0,12/12/16,09:36:37,56.750000000,300
US1.WFC,0,12/12/16,09:36:42,56.760000000,200
US1.WFC,0,12/12/16,09:36:42,56.760000000,100
US1.WFC,0,12/12/16,09:36:43,56.780000000,100
US1.WFC,0,12/12/16,09:36:43,56.780000000,100
US1.WFC,0,12/12/16,09:37:10,56.810000000,190
US1.WFC,0,12/12/16,09:37:10,56.810000000,100
US1.WFC,0,12/12/16,09:37:13,56.810000000,100
US1.WFC,0,12/12/16,09:37:13,56.810000000,100
US1.WFC,0,12/12/16,09:37:13,56.810000000,100
US1.WFC,0,12/12/16,09:37:13,56.820000000,100
US1.WFC,0,12/12/16,09:37:25,56.800000000,100
US1.WFC,0,12/12/16,09:37:33,56.805000000,100
US1.WFC,0,12/12/16,09:37:33,56.810000000,100
US1.WFC,0,12/12/16,09:37:33,56.810000000,1100
US1.WFC,0,12/12/16,09:37:33,56.810000000,100
US1.WFC,0,12/12/16,09:37:33,56.810000000,100
US1.WFC,0,12/12/16,09:37:33,56.820000000,100
US1.WFC,0,12/12/16,09:37:33,56.820000000,100
US1.WFC,0,12/12/16,09:37:33,56.820000000,100
US1.WFC,0,12/12/16,09:37:33,56.820000000,100
US1.WFC,0,12/12/16,09:37:33,56.820000000,100
US1.WFC,0,12/12/16,09:37:33,56.830000000,100
US1.WFC,0,12/12/16,09:37:33,56.825000000,100
US1.WFC,0,12/12/16,09:37:33,56.820000000,200
US1.WFC,0,12/12/16,09:37:45,56.770000000,100
US1.WFC,0,12/12/16,09:37:45,56.770000000,100
US1.WFC,0,12/12/16,09:37:45,56.770000000,128
US1.WFC,0,12/12/16,09:37:48,56.780000000,100
US1.WFC,0,12/12/16,09:37:48,56.780000000,100
US1.WFC,0,12/12/16,09:37:48,56.780000000,100
US1.WFC,0,12/12/16,09:37:48,56.780000000,100
US1.WFC,0,12/12/16,09:37:48,56.790000000,100
US1.WFC,0,12/12/16,09:37:48,56.780000000,100
US1.WFC,0,12/12/16,09:37:48,56.800000000,100
US1.WFC,0,12/12/16,09:37:48,56.800000000,100
US1.WFC,0,12/12/16,09:37:50,56.790000000,100
US1.WFC,0,12/12/16,09:37:50,56.790000000,100
US1.WFC,0,12/12/16,09:37:50,56.780000000,100
US1.WFC,0,12/12/16,09:37:50,56.780000000,100
US1.WFC,0,12/12/16,09:37:50,56.780000000,100
US1.WFC,0,12/12/16,09:37:52,56.770000000,100
US1.WFC,0,12/12/16,09:37:52,56.770000000,100
US1.WFC,0,12/12/16,09:37:54,56.760000000,200
US1.WFC,0,12/12/16,09:37:54,56.750000000,100
US1.WFC,0,12/12/16,09:37:54,56.750000000,100
US1.WFC,0,12/12/16,09:37:55,56.760000000,100
US1.WFC,0,12/12/16,09:37:58,56.760000000,100
US1.WFC,0,12/12/16,09:37:58,56.760000000,100
US1.WFC,0,12/12/16,09:37:58,56.760000000,100
US1.WFC,0,12/12/16,09:37:58,56.760000000,100
US1.WFC,0,12/12/16,09:37:58,56.750000000,100
US1.WFC,0,12/12/16,09:37:58,56.750000000,100
US1.WFC,0,12/12/16,09:37:58,56.750000000,100
US1.WFC,0,12/12/16,09:37:58,56.740000000,100
US1.WFC,0,12/12/16,09:37:58,56.740000000,100
US1.WFC,0,12/12/16,09:37:58,56.740000000,100
US1.WFC,0,12/12/16,09:37:58,56.740000000,100
US1.WFC,0,12/12/16,09:37:58,56.740000000,100
US1.WFC,0,12/12/16,09:37:58,56.740000000,100
US1.WFC,0,12/12/16,09:37:58,56.740000000,100
US1.WFC,0,12/12/16,09:38:05,56.730000000,327
US1.WFC,0,12/12/16,09:38:05,56.730000000,173
US1.WFC,0,12/12/16,09:38:05,56.730000000,127
US1.WFC,0,12/12/16,09:38:09,56.740000000,100
US1.WFC,0,12/12/16,09:38:09,56.740000000,200
US1.WFC,0,12/12/16,09:38:11,56.760000000,100
US1.WFC,0,12/12/16,09:38:12,56.750000000,100
US1.WFC,0,12/12/16,09:38:12,56.730000000,100
US1.WFC,0,12/12/16,09:38:12,56.730000000,100
US1.WFC,0,12/12/16,09:38:12,56.730000000,100
US1.WFC,0,12/12/16,09:38:13,56.730000000,200
US1.WFC,0,12/12/16,09:38:13,56.730000000,100
US1.WFC,0,12/12/16,09:38:13,56.730000000,100
US1.WFC,0,12/12/16,09:38:13,56.720000000,100
US1.WFC,0,12/12/16,09:38:13,56.725000000,100
US1.WFC,0,12/12/16,09:38:13,56.730000000,100
US1.WFC,0,12/12/16,09:38:13,56.730000000,100
US1.WFC,0,12/12/16,09:38:13,56.730000000,100
US1.WFC,0,12/12/16,09:38:13,56.730000000,200
US1.WFC,0,12/12/16,09:38:13,56.730000000,200
US1.WFC,0,12/12/16,09:38:13,56.730000000,100
US1.WFC,0,12/12/16,09:38:13,56.730000000,100
US1.WFC,0,12/12/16,09:38:13,56.720000000,100
US1.WFC,0,12/12/16,09:38:13,56.720000000,100
US1.WFC,0,12/12/16,09:38:13,56.720000000,100
US1.WFC,0,12/12/16,09:38:13,56.710000000,100
US1.WFC,0,12/12/16,09:38:13,56.710000000,100
US1.WFC,0,12/12/16,09:38:13,56.710000000,100
US1.WFC,0,12/12/16,09:38:13,56.710000000,100
US1.WFC,0,12/12/16,09:38:13,56.740000000,100
US1.WFC,0,12/12/16,09:38:13,56.730000000,100
US1.WFC,0,12/12/16,09:38:13,56.730000000,100
US1.WFC,0,12/12/16,09:38:13,56.720000000,100
US1.WFC,0,12/12/16,09:38:17,56.730000000,100
US1.WFC,0,12/12/16,09:38:17,56.730000000,100
US1.WFC,0,12/12/16,09:38:20,56.730000000,200
US1.WFC,0,12/12/16,09:38:20,56.730000000,100
US1.WFC,0,12/12/16,09:38:24,56.740000000,100
US1.WFC,0,12/12/16,09:38:24,56.740000000,600
US1.WFC,0,12/12/16,09:38:28,56.790000000,100
US1.WFC,0,12/12/16,09:38:29,56.790000000,100
US1.WFC,0,12/12/16,09:38:29,56.790000000,100
US1.WFC,0,12/12/16,09:38:29,56.780000000,100
US1.WFC,0,12/12/16,09:38:29,56.780000000,100
US1.WFC,0,12/12/16,09:38:29,56.780000000,100
US1.WFC,0,12/12/16,09:38:33,56.770000000,100
US1.WFC,0,12/12/16,09:38:36,56.770000000,100
US1.WFC,0,12/12/16,09:38:36,56.770000000,400
US1.WFC,0,12/12/16,09:38:48,56.780000000,600
US1.WFC,0,12/12/16,09:38:51,56.790000000,200
US1.WFC,0,12/12/16,09:38:51,56.790000000,100
US1.WFC,0,12/12/16,09:38:57,56.790000000,100
US1.WFC,0,12/12/16,09:38:57,56.790000000,100
US1.WFC,0,12/12/16,09:39:11,56.785000000,100
US1.WFC,0,12/12/16,09:39:13,56.785000000,200
US1.WFC,0,12/12/16,09:39:14,56.790000000,200
US1.WFC,0,12/12/16,09:39:14,56.790000000,100
US1.WFC,0,12/12/16,09:39:14,56.790000000,100
US1.WFC,0,12/12/16,09:39:14,56.790000000,100
US1.WFC,0,12/12/16,09:39:14,56.790000000,100
US1.WFC,0,12/12/16,09:39:14,56.790000000,200
US1.WFC,0,12/12/16,09:39:19,56.785000000,200
US1.WFC,0,12/12/16,09:39:19,56.790000000,100
US1.WFC,0,12/12/16,09:39:19,56.790000000,100
US1.WFC,0,12/12/16,09:39:27,56.785000000,400
US1.WFC,0,12/12/16,09:39:28,56.790000000,100
US1.WFC,0,12/12/16,09:39:28,56.790000000,100
US1.WFC,0,12/12/16,09:39:28,56.790000000,100
US1.WFC,0,12/12/16,09:39:28,56.790000000,200
US1.WFC,0,12/12/16,09:39:28,56.800000000,100
US1.WFC,0,12/12/16,09:39:28,56.800000000,100
US1.WFC,0,12/12/16,09:39:28,56.800000000,100
US1.WFC,0,12/12/16,09:39:28,56.800000000,100
US1.WFC,0,12/12/16,09:39:28,56.800000000,100
US1.WFC,0,12/12/16,09:39:28,56.800000000,100
US1.WFC,0,12/12/16,09:39:28,56.810000000,100
US1.WFC,0,12/12/16,09:39:29,56.810000000,960
US1.WFC,0,12/12/16,09:39:29,56.820000000,358
US1.WFC,0,12/12/16,09:39:30,56.820000000,1600
US1.WFC,0,12/12/16,09:39:35,56.820000000,100
US1.WFC,0,12/12/16,09:39:35,56.820000000,100
US1.WFC,0,12/12/16,09:39:45,56.820000000,100
US1.WFC,0,12/12/16,09:39:55,56.820000000,140
US1.WFC,0,12/12/16,09:39:55,56.830000000,900
US1.WFC,0,12/12/16,09:39:55,56.830000000,100
US1.WFC,0,12/12/16,09:40:03,56.820000000,100
US1.WFC,0,12/12/16,09:40:04,56.810000000,100
US1.WFC,0,12/12/16,09:40:06,56.810000000,100
US1.WFC,0,12/12/16,09:40:06,56.810000000,300
US1.WFC,0,12/12/16,09:40:06,56.810000000,100
US1.WFC,0,12/12/16,09:40:10,56.820000000,199
US1.WFC,0,12/12/16,09:40:10,56.820000000,100
US1.WFC,0,12/12/16,09:40:10,56.820000000,100
US1.WFC,0,12/12/16,09:40:10,56.820000000,100
US1.WFC,0,12/12/16,09:40:10,56.820000000,100
US1.WFC,0,12/12/16,09:40:10,56.820000000,299
US1.WFC,0,12/12/16,09:40:11,56.820000000,100
US1.WFC,0,12/12/16,09:40:11,56.830000000,100
US1.WFC,0,12/12/16,09:40:11,56.830000000,100
US1.WFC,0,12/12/16,09:40:16,56.850000000,100
US1.WFC,0,12/12/16,09:40:20,56.840000000,100
US1.WFC,0,12/12/16,09:40:27,56.830000000,100
US1.WFC,0,12/12/16,09:40:40,56.800000000,100
US1.WFC,0,12/12/16,09:40:44,56.800000000,100
US1.WFC,0,12/12/16,09:40:45,56.780000000,100
US1.WFC,0,12/12/16,09:40:45,56.780000000,100
US1.WFC,0,12/12/16,09:40:54,56.790000000,100
US1.WFC,0,12/12/16,09:40:55,56.800000000,100
US1.WFC,0,12/12/16,09:41:09,56.795000000,400
US1.WFC,0,12/12/16,09:41:09,56.800000000,100
US1.WFC,0,12/12/16,09:41:09,56.800000000,100
US1.WFC,0,12/12/16,09:41:23,56.790000000,100
US1.WFC,0,12/12/16,09:41:25,56.790000000,100
US1.WFC,0,12/12/16,09:41:26,56.800000000,100
US1.WFC,0,12/12/16,09:41:26,56.800000000,100
US1.WFC,0,12/12/16,09:41:26,56.800000000,343
US1.WFC,0,12/12/16,09:41:26,56.800000000,457
US1.WFC,0,12/12/16,09:41:28,56.800000000,100
US1.WFC,0,12/12/16,09:41:28,56.800000000,100
US1.WFC,0,12/12/16,09:41:28,56.800000000,100
US1.WFC,0,12/12/16,09:41:49,56.810000000,1004
US1.WFC,0,12/12/16,09:41:49,56.810000000,146
US1.WFC,0,12/12/16,09:41:50,56.820000000,100
US1.WFC,0,12/12/16,09:41:50,56.820000000,100
US1.WFC,0,12/12/16,09:41:50,56.820000000,100
US1.WFC,0,12/12/16,09:41:50,56.820000000,100
US1.WFC,0,12/12/16,09:41:50,56.820000000,100
US1.WFC,0,12/12/16,09:41:51,56.820000000,100
US1.WFC,0,12/12/16,09:41:52,56.810000000,100
US1.WFC,0,12/12/16,09:41:52,56.810000000,100
US1.WFC,0,12/12/16,09:41:58,56.800000000,100
US1.WFC,0,12/12/16,09:41:58,56.800000000,100
US1.WFC,0,12/12/16,09:41:58,56.800000000,100
US1.WFC,0,12/12/16,09:41:58,56.800000000,100
US1.WFC,0,12/12/16,09:41:58,56.800000000,100
US1.WFC,0,12/12/16,09:41:58,56.800000000,100
US1.WFC,0,12/12/16,09:41:58,56.800000000,100
US1.WFC,0,12/12/16,09:41:59,56.810000000,100
US1.WFC,0,12/12/16,09:41:59,56.810000000,100
US1.WFC,0,12/12/16,09:41:59,56.810000000,100
US1.WFC,0,12/12/16,09:41:59,56.810000000,100
US1.WFC,0,12/12/16,09:41:59,56.810000000,100
US1.WFC,0,12/12/16,09:41:59,56.810000000,100
US1.WFC,0,12/12/16,09:41:59,56.810000000,100
US1.WFC,0,12/12/16,09:42:02,56.810000000,100
US1.WFC,0,12/12/16,09:42:03,56.810000000,100
US1.WFC,0,12/12/16,09:42:03,56.810000000,100
US1.WFC,0,12/12/16,09:42:03,56.810000000,100
US1.WFC,0,12/12/16,09:42:10,56.810000000,100
US1.WFC,0,12/12/16,09:42:10,56.810000000,100
US1.WFC,0,12/12/16,09:42:10,56.810000000,100
US1.WFC,0,12/12/16,09:42:16,56.820000000,100
US1.WFC,0,12/12/16,09:42:16,56.820000000,400
US1.WFC,0,12/12/16,09:42:16,56.820000000,104
US1.WFC,0,12/12/16,09:42:16,56.820000000,496
US1.WFC,0,12/12/16,09:42:18,56.830000000,100
US1.WFC,0,12/12/16,09:42:19,56.830000000,100
US1.WFC,0,12/12/16,09:42:19,56.830000000,300
US1.WFC,0,12/12/16,09:42:19,56.830000000,200
US1.WFC,0,12/12/16,09:42:19,56.830000000,100
US1.WFC,0,12/12/16,09:42:19,56.830000000,100
US1.WFC,0,12/12/16,09:42:28,56.810000000,100
US1.WFC,0,12/12/16,09:42:29,56.820000000,100
US1.WFC,0,12/12/16,09:42:35,56.800000000,100
US1.WFC,0,12/12/16,09:42:35,56.800000000,100
US1.WFC,0,12/12/16,09:42:35,56.800000000,100
US1.WFC,0,12/12/16,09:42:41,56.800000000,100
US1.WFC,0,12/12/16,09:42:41,56.800000000,100
US1.WFC,0,12/12/16,09:42:41,56.800000000,100
US1.WFC,0,12/12/16,09:42:41,56.800000000,100
US1.WFC,0,12/12/16,09:42:41,56.800000000,100
US1.WFC,0,12/12/16,09:42:42,56.805000000,100
US1.WFC,0,12/12/16,09:42:44,56.800000000,200
US1.WFC,0,12/12/16,09:42:44,56.800000000,100
US1.WFC,0,12/12/16,09:42:44,56.800000000,100
US1.WFC,0,12/12/16,09:42:52,56.800000000,100
US1.WFC,0,12/12/16,09:42:52,56.800000000,100
US1.WFC,0,12/12/16,09:42:52,56.800000000,200
US1.WFC,0,12/12/16,09:42:52,56.800000000,100
US1.WFC,0,12/12/16,09:42:54,56.800000000,100
US1.WFC,0,12/12/16,09:42:54,56.800000000,100
US1.WFC,0,12/12/16,09:42:54,56.800000000,100
US1.WFC,0,12/12/16,09:42:55,56.800000000,100
US1.WFC,0,12/12/16,09:42:56,56.800000000,100
US1.WFC,0,12/12/16,09:42:56,56.800000000,100
US1.WFC,0,12/12/16,09:42:56,56.800000000,100
US1.WFC,0,12/12/16,09:42:56,56.800000000,100
US1.WFC,0,12/12/16,09:42:56,56.800000000,100
US1.WFC,0,12/12/16,09:42:56,56.800000000,100
US1.WFC,0,12/12/16,09:42:56,56.800000000,100
US1.WFC,0,12/12/16,09:42:56,56.800000000,100
US1.WFC,0,12/12/16,09:42:56,56.800000000,200
US1.WFC,0,12/12/16,09:42:56,56.800000000,100
US1.WFC,0,12/12/16,09:42:56,56.800000000,100
US1.WFC,0,12/12/16,09:42:56,56.800000000,100
US1.WFC,0,12/12/16,09:42:56,56.800000000,100
US1.WFC,0,12/12/16,09:42:56,56.800000000,200
US1.WFC,0,12/12/16,09:42:56,56.800000000,100
US1.WFC,0,12/12/16,09:42:56,56.800000000,100
US1.WFC,0,12/12/16,09:42:56,56.800000000,100
US1.WFC,0,12/12/16,09:42:56,56.800000000,100
US1.WFC,0,12/12/16,09:42:56,56.800000000,100
US1.WFC,0,12/12/16,09:42:56,56.800000000,200
US1.WFC,0,12/12/16,09:42:56,56.800000000,100
US1.WFC,0,12/12/16,09:42:57,56.800000000,100
US1.WFC,0,12/12/16,09:42:57,56.800000000,100
US1.WFC,0,12/12/16,09:42:57,56.800000000,100
US1.WFC,0,12/12/16,09:42:57,56.800000000,200
US1.WFC,0,12/12/16,09:42:58,56.800000000,200
US1.WFC,0,12/12/16,09:42:58,56.800000000,100
US1.WFC,0,12/12/16,09:43:01,56.810000000,168
US1.WFC,0,12/12/16,09:43:09,56.790000000,100
US1.WFC,0,12/12/16,09:43:19,56.790000000,100
US1.WFC,0,12/12/16,09:43:19,56.790000000,100
US1.WFC,0,12/12/16,09:43:20,56.790000000,200
US1.WFC,0,12/12/16,09:43:21,56.780000000,100
US1.WFC,0,12/12/16,09:43:21,56.780000000,100
US1.WFC,0,12/12/16,09:43:21,56.780000000,100
US1.WFC,0,12/12/16,09:43:31,56.770000000,100
US1.WFC,0,12/12/16,09:43:31,56.760000000,100
US1.WFC,0,12/12/16,09:43:31,56.760000000,100
US1.WFC,0,12/12/16,09:43:31,56.760000000,100
US1.WFC,0,12/12/16,09:43:31,56.760000000,100
US1.WFC,0,12/12/16,09:43:31,56.760000000,100
US1.WFC,0,12/12/16,09:43:31,56.760000000,100
US1.WFC,0,12/12/16,09:43:31,56.760000000,100
US1.WFC,0,12/12/16,09:43:31,56.750000000,100
US1.WFC,0,12/12/16,09:43:31,56.750000000,100
US1.WFC,0,12/12/16,09:43:31,56.750000000,100
US1.WFC,0,12/12/16,09:43:34,56.760000000,100
US1.WFC,0,12/12/16,09:43:34,56.760000000,100
US1.WFC,0,12/12/16,09:43:40,56.770000000,100
US1.WFC,0,12/12/16,09:43:40,56.770000000,100
US1.WFC,0,12/12/16,09:43:40,56.770000000,100
US1.WFC,0,12/12/16,09:43:40,56.770000000,100
US1.WFC,0,12/12/16,09:44:03,56.780000000,112
US1.WFC,0,12/12/16,09:44:03,56.780000000,1700
US1.WFC,0,12/12/16,09:44:03,56.780000000,100
US1.WFC,0,12/12/16,09:44:03,56.780000000,100
US1.WFC,0,12/12/16,09:44:03,56.780000000,100
US1.WFC,0,12/12/16,09:44:03,56.780000000,100
US1.WFC,0,12/12/16,09:44:03,56.780000000,100
US1.WFC,0,12/12/16,09:44:03,56.780000000,100
US1.WFC,0,12/12/16,09:44:04,56.790000000,100
US1.WFC,0,12/12/16,09:44:04,56.790000000,100
US1.WFC,0,12/12/16,09:44:04,56.800000000,200
US1.WFC,0,12/12/16,09:44:06,56.790000000,100
US1.WFC,0,12/12/16,09:44:06,56.790000000,447
US1.WFC,0,12/12/16,09:44:06,56.790000000,154
US1.WFC,0,12/12/16,09:44:06,56.790000000,181
US1.WFC,0,12/12/16,09:44:06,56.790000000,319
US1.WFC,0,12/12/16,09:44:06,56.790000000,282
US1.WFC,0,12/12/16,09:44:06,56.790000000,102
US1.WFC,0,12/12/16,09:44:22,56.790000000,200
US1.WFC,0,12/12/16,09:44:22,56.790000000,198
US1.WFC,0,12/12/16,09:44:22,56.790000000,100
US1.WFC,0,12/12/16,09:44:22,56.790000000,500
US1.WFC,0,12/12/16,09:44:22,56.790000000,500
US1.WFC,0,12/12/16,09:44:22,56.790000000,180
US1.WFC,0,12/12/16,09:44:22,56.790000000,200
US1.WFC,0,12/12/16,09:44:23,56.790000000,500
US1.WFC,0,12/12/16,09:44:23,56.790000000,500
US1.WFC,0,12/12/16,09:44:23,56.790000000,500
US1.WFC,0,12/12/16,09:44:23,56.790000000,100
US1.WFC,0,12/12/16,09:44:23,56.790000000,100
US1.WFC,0,12/12/16,09:44:23,56.790000000,100
US1.WFC,0,12/12/16,09:44:24,56.790000000,114
US1.WFC,0,12/12/16,09:44:24,56.800000000,200
US1.WFC,0,12/12/16,09:44:24,56.800000000,100
US1.WFC,0,12/12/16,09:44:24,56.800000000,100
US1.WFC,0,12/12/16,09:44:24,56.800000000,100
US1.WFC,0,12/12/16,09:44:24,56.800000000,3100
US1.WFC,0,12/12/16,09:44:24,56.800000000,100
US1.WFC,0,12/12/16,09:44:24,56.800000000,100
US1.WFC,0,12/12/16,09:44:24,56.800000000,300
US1.WFC,0,12/12/16,09:44:24,56.800000000,400
US1.WFC,0,12/12/16,09:44:24,56.800000000,100
US1.WFC,0,12/12/16,09:44:24,56.800000000,100
US1.WFC,0,12/12/16,09:44:24,56.800000000,100
US1.WFC,0,12/12/16,09:44:26,56.790000000,500
US1.WFC,0,12/12/16,09:44:26,56.790000000,100
US1.WFC,0,12/12/16,09:44:26,56.790000000,100
US1.WFC,0,12/12/16,09:44:28,56.790000000,100
US1.WFC,0,12/12/16,09:44:29,56.790000000,100
US1.WFC,0,12/12/16,09:44:29,56.790000000,100
US1.WFC,0,12/12/16,09:44:40,56.800000000,100
US1.WFC,0,12/12/16,09:44:43,56.820000000,100
US1.WFC,0,12/12/16,09:44:46,56.850000000,100
US1.WFC,0,12/12/16,09:44:46,56.850000000,180
US1.WFC,0,12/12/16,09:44:46,56.850000000,100
US1.WFC,0,12/12/16,09:44:46,56.850000000,100
US1.WFC,0,12/12/16,09:44:46,56.850000000,100
US1.WFC,0,12/12/16,09:44:53,56.830000000,100
US1.WFC,0,12/12/16,09:45:02,56.820000000,100
US1.WFC,0,12/12/16,09:45:02,56.820000000,100
US1.WFC,0,12/12/16,09:45:02,56.820000000,100
US1.WFC,0,12/12/16,09:45:03,56.820000000,100
US1.WFC,0,12/12/16,09:45:03,56.820000000,100
US1.WFC,0,12/12/16,09:45:07,56.810000000,100
US1.WFC,0,12/12/16,09:45:07,56.810000000,100
US1.WFC,0,12/12/16,09:45:07,56.810000000,117
US1.WFC,0,12/12/16,09:45:07,56.805000000,100
US1.WFC,0,12/12/16,09:45:07,56.805000000,200
US1.WFC,0,12/12/16,09:45:07,56.800000000,100
US1.WFC,0,12/12/16,09:45:07,56.800000000,100
US1.WFC,0,12/12/16,09:45:07,56.800000000,100
US1.WFC,0,12/12/16,09:45:07,56.800000000,100
US1.WFC,0,12/12/16,09:45:07,56.800000000,500
US1.WFC,0,12/12/16,09:45:07,56.800000000,700
US1.WFC,0,12/12/16,09:45:07,56.800000000,100
US1.WFC,0,12/12/16,09:45:07,56.800000000,400
US1.WFC,0,12/12/16,09:45:07,56.800000000,100
US1.WFC,0,12/12/16,09:45:07,56.800000000,392
US1.WFC,0,12/12/16,09:45:07,56.800000000,108
US1.WFC,0,12/12/16,09:45:07,56.800000000,100
US1.WFC,0,12/12/16,09:45:07,56.800000000,292
US1.WFC,0,12/12/16,09:45:08,56.820000000,100
US1.WFC,0,12/12/16,09:45:08,56.820000000,100
US1.WFC,0,12/12/16,09:45:08,56.820000000,300
US1.WFC,0,12/12/16,09:45:09,56.830000000,100
US1.WFC,0,12/12/16,09:45:09,56.830000000,100
US1.WFC,0,12/12/16,09:45:09,56.830000000,100
US1.WFC,0,12/12/16,09:45:09,56.830000000,100
US1.WFC,0,12/12/16,09:45:20,56.835000000,100
US1.WFC,0,12/12/16,09:45:21,56.835000000,100
US1.WFC,0,12/12/16,09:45:21,56.835000000,100
US1.WFC,0,12/12/16,09:45:21,56.835000000,100
US1.WFC,0,12/12/16,09:45:21,56.840000000,100
US1.WFC,0,12/12/16,09:45:21,56.840000000,200
US1.WFC,0,12/12/16,09:45:21,56.840000000,100
US1.WFC,0,12/12/16,09:45:21,56.840000000,100
US1.WFC,0,12/12/16,09:45:23,56.850000000,100
US1.WFC,0,12/12/16,09:45:23,56.850000000,100
US1.WFC,0,12/12/16,09:45:40,56.860000000,100
US1.WFC,0,12/12/16,09:45:40,56.860000000,100
US1.WFC,0,12/12/16,09:45:40,56.860000000,890
US1.WFC,0,12/12/16,09:45:40,56.870000000,100
US1.WFC,0,12/12/16,09:45:40,56.870000000,100
US1.WFC,0,12/12/16,09:45:40,56.870000000,100
US1.WFC,0,12/12/16,09:45:40,56.880000000,100
US1.WFC,0,12/12/16,09:45:41,56.890000000,100
US1.WFC,0,12/12/16,09:45:41,56.890000000,100
US1.WFC,0,12/12/16,09:45:41,56.890000000,100
US1.WFC,0,12/12/16,09:45:41,56.890000000,100
US1.WFC,0,12/12/16,09:45:47,56.890000000,168
US1.WFC,0,12/12/16,09:45:47,56.890000000,532
US1.WFC,0,12/12/16,09:45:47,56.890000000,100
US1.WFC,0,12/12/16,09:45:47,56.890000000,100
US1.WFC,0,12/12/16,09:45:47,56.890000000,700
US1.WFC,0,12/12/16,09:45:47,56.890000000,700
US1.WFC,0,12/12/16,09:45:52,56.920000000,100
US1.WFC,0,12/12/16,09:45:52,56.920000000,200
US1.WFC,0,12/12/16,09:45:56,56.910000000,100
US1.WFC,0,12/12/16,09:45:56,56.900000000,100
US1.WFC,0,12/12/16,09:45:58,56.900000000,100
US1.WFC,0,12/12/16,09:46:06,56.900000000,100
US1.WFC,0,12/12/16,09:46:10,56.900000000,100
US1.WFC,0,12/12/16,09:46:10,56.900000000,100
US1.WFC,0,12/12/16,09:46:10,56.900000000,100
US1.WFC,0,12/12/16,09:46:10,56.900000000,100
US1.WFC,0,12/12/16,09:46:11,56.890000000,177
US1.WFC,0,12/12/16,09:46:11,56.890000000,200
US1.WFC,0,12/12/16,09:46:18,56.870000000,100
US1.WFC,0,12/12/16,09:46:21,56.860000000,100
US1.WFC,0,12/12/16,09:46:21,56.860000000,100
US1.WFC,0,12/12/16,09:46:21,56.860000000,100
US1.WFC,0,12/12/16,09:46:25,56.840000000,100
US1.WFC,0,12/12/16,09:46:25,56.840000000,100
US1.WFC,0,12/12/16,09:46:25,56.840000000,100
US1.WFC,0,12/12/16,09:46:29,56.830000000,100
US1.WFC,0,12/12/16,09:46:29,56.830000000,100
US1.WFC,0,12/12/16,09:46:30,56.840000000,400
US1.WFC,0,12/12/16,09:46:30,56.840000000,100
US1.WFC,0,12/12/16,09:46:41,56.840000000,100
US1.WFC,0,12/12/16,09:46:41,56.840000000,100
US1.WFC,0,12/12/16,09:46:41,56.840000000,100
US1.WFC,0,12/12/16,09:46:41,56.850000000,100
US1.WFC,0,12/12/16,09:46:58,56.840000000,100
US1.WFC,0,12/12/16,09:46:58,56.840000000,100
US1.WFC,0,12/12/16,09:47:03,56.820000000,100
US1.WFC,0,12/12/16,09:47:03,56.820000000,100
US1.WFC,0,12/12/16,09:47:03,56.820000000,100
US1.WFC,0,12/12/16,09:47:03,56.820000000,200
US1.WFC,0,12/12/16,09:47:08,56.800000000,100
US1.WFC,0,12/12/16,09:47:08,56.800000000,100
US1.WFC,0,12/12/16,09:47:08,56.790000000,100
US1.WFC,0,12/12/16,09:47:14,56.800000000,100
US1.WFC,0,12/12/16,09:47:14,56.800000000,100
US1.WFC,0,12/12/16,09:47:17,56.810000000,100
US1.WFC,0,12/12/16,09:47:17,56.810000000,100
US1.WFC,0,12/12/16,09:47:17,56.810000000,100
US1.WFC,0,12/12/16,09:47:19,56.810000000,169
US1.WFC,0,12/12/16,09:47:19,56.810000000,100
US1.WFC,0,12/12/16,09:47:22,56.800000000,600
US1.WFC,0,12/12/16,09:47:29,56.770000000,152
US1.WFC,0,12/12/16,09:47:33,56.760000000,100
US1.WFC,0,12/12/16,09:47:33,56.760000000,100
US1.WFC,0,12/12/16,09:47:34,56.770000000,100
US1.WFC,0,12/12/16,09:47:34,56.770000000,100
US1.WFC,0,12/12/16,09:47:42,56.760000000,100
US1.WFC,0,12/12/16,09:47:46,56.755000000,100
US1.WFC,0,12/12/16,09:47:46,56.740000000,100
US1.WFC,0,12/12/16,09:47:46,56.740000000,100
US1.WFC,0,12/12/16,09:47:48,56.740000000,100
US1.WFC,0,12/12/16,09:47:48,56.740000000,100
US1.WFC,0,12/12/16,09:47:49,56.740000000,200
US1.WFC,0,12/12/16,09:47:49,56.740000000,100
US1.WFC,0,12/12/16,09:47:52,56.750000000,100
US1.WFC,0,12/12/16,09:48:14,56.770000000,100
US1.WFC,0,12/12/16,09:48:14,56.770000000,100
US1.WFC,0,12/12/16,09:48:16,56.770000000,295
US1.WFC,0,12/12/16,09:48:16,56.770000000,200
US1.WFC,0,12/12/16,09:48:16,56.770000000,200
US1.WFC,0,12/12/16,09:48:17,56.780000000,100
US1.WFC,0,12/12/16,09:48:17,56.780000000,100
US1.WFC,0,12/12/16,09:48:28,56.770000000,100
US1.WFC,0,12/12/16,09:48:28,56.770000000,100
US1.WFC,0,12/12/16,09:48:32,56.780000000,328
US1.WFC,0,12/12/16,09:48:32,56.780000000,672
US1.WFC,0,12/12/16,09:48:34,56.800000000,100
US1.WFC,0,12/12/16,09:48:34,56.800000000,100
US1.WFC,0,12/12/16,09:48:34,56.800000000,166
US1.WFC,0,12/12/16,09:48:36,56.820000000,100
US1.WFC,0,12/12/16,09:48:36,56.820000000,100
US1.WFC,0,12/12/16,09:48:40,56.810000000,100
US1.WFC,0,12/12/16,09:48:44,56.800000000,100
US1.WFC,0,12/12/16,09:48:50,56.810000000,100
US1.WFC,0,12/12/16,09:48:58,56.800000000,100
US1.WFC,0,12/12/16,09:49:05,56.810000000,105
US1.WFC,0,12/12/16,09:49:05,56.810000000,140
US1.WFC,0,12/12/16,09:49:19,56.800000000,100
US1.WFC,0,12/12/16,09:49:19,56.800000000,100
US1.WFC,0,12/12/16,09:49:19,56.800000000,100
US1.WFC,0,12/12/16,09:49:19,56.800000000,100
US1.WFC,0,12/12/16,09:49:19,56.800000000,100
US1.WFC,0,12/12/16,09:49:19,56.800000000,100
US1.WFC,0,12/12/16,09:49:19,56.800000000,200
US1.WFC,0,12/12/16,09:49:19,56.800000000,300
US1.WFC,0,12/12/16,09:49:19,56.800000000,200
US1.WFC,0,12/12/16,09:49:19,56.800000000,100
US1.WFC,0,12/12/16,09:49:19,56.800000000,100
US1.WFC,0,12/12/16,09:49:19,56.800000000,100
US1.WFC,0,12/12/16,09:49:19,56.800000000,200
US1.WFC,0,12/12/16,09:49:19,56.800000000,200
US1.WFC,0,12/12/16,09:49:21,56.790000000,100
US1.WFC,0,12/12/16,09:49:21,56.800000000,100
US1.WFC,0,12/12/16,09:49:21,56.790000000,100
US1.WFC,0,12/12/16,09:49:26,56.800000000,200
US1.WFC,0,12/12/16,09:49:29,56.790000000,100
US1.WFC,0,12/12/16,09:49:33,56.780000000,100
US1.WFC,0,12/12/16,09:49:41,56.780000000,100
US1.WFC,0,12/12/16,09:49:41,56.780000000,100
US1.WFC,0,12/12/16,09:49:41,56.780000000,100
US1.WFC,0,12/12/16,09:49:41,56.780000000,100
US1.WFC,0,12/12/16,09:49:48,56.780000000,212
US1.WFC,0,12/12/16,09:49:55,56.780000000,100
US1.WFC,0,12/12/16,09:49:55,56.780000000,145
US1.WFC,0,12/12/16,09:49:56,56.780000000,100
US1.WFC,0,12/12/16,09:49:56,56.780000000,189
US1.WFC,0,12/12/16,09:49:56,56.780000000,200
US1.WFC,0,12/12/16,09:49:56,56.780000000,189
US1.WFC,0,12/12/16,09:49:56,56.780000000,100
US1.WFC,0,12/12/16,09:49:56,56.780000000,100
US1.WFC,0,12/12/16,09:49:56,56.780000000,200
US1.WFC,0,12/12/16,09:49:56,56.780000000,100
US1.WFC,0,12/12/16,09:49:56,56.780000000,200
US1.WFC,0,12/12/16,09:49:56,56.780000000,100
US1.WFC,0,12/12/16,09:49:57,56.780000000,100
US1.WFC,0,12/12/16,09:50:01,56.780000000,100
US1.WFC,0,12/12/16,09:50:02,56.780000000,100
US1.WFC,0,12/12/16,09:50:09,56.790000000,100
US1.WFC,0,12/12/16,09:50:09,56.790000000,100
US1.WFC,0,12/12/16,09:50:16,56.800000000,100
US1.WFC,0,12/12/16,09:50:16,56.800000000,100
US1.WFC,0,12/12/16,09:50:17,56.800000000,100
US1.WFC,0,12/12/16,09:50:17,56.800000000,200
US1.WFC,0,12/12/16,09:50:17,56.800000000,100
US1.WFC,0,12/12/16,09:50:17,56.800000000,200
US1.WFC,0,12/12/16,09:50:17,56.800000000,100
US1.WFC,0,12/12/16,09:50:17,56.800000000,100
US1.WFC,0,12/12/16,09:50:17,56.800000000,100
US1.WFC,0,12/12/16,09:50:17,56.800000000,100
US1.WFC,0,12/12/16,09:50:17,56.800000000,200
US1.WFC,0,12/12/16,09:50:17,56.800000000,100
US1.WFC,0,12/12/16,09:50:17,56.800000000,200
US1.WFC,0,12/12/16,09:50:17,56.800000000,100
US1.WFC,0,12/12/16,09:50:17,56.800000000,100
US1.WFC,0,12/12/16,09:50:20,56.810000000,141
US1.WFC,0,12/12/16,09:50:20,56.820000000,100
US1.WFC,0,12/12/16,09:50:20,56.820000000,100
US1.WFC,0,12/12/16,09:50:20,56.820000000,100
US1.WFC,0,12/12/16,09:50:20,56.820000000,100
US1.WFC,0,12/12/16,09:50:20,56.820000000,200
US1.WFC,0,12/12/16,09:50:20,56.820000000,100
US1.WFC,0,12/12/16,09:50:21,56.820000000,100
US1.WFC,0,12/12/16,09:50:45,56.815000000,100
US1.WFC,0,12/12/16,09:50:46,56.820000000,100
US1.WFC,0,12/12/16,09:50:55,56.820000000,100
US1.WFC,0,12/12/16,09:50:55,56.820000000,100
US1.WFC,0,12/12/16,09:50:55,56.820000000,100
US1.WFC,0,12/12/16,09:50:55,56.820000000,100
US1.WFC,0,12/12/16,09:50:55,56.820000000,100
US1.WFC,0,12/12/16,09:50:55,56.820000000,100
US1.WFC,0,12/12/16,09:50:55,56.820000000,100
US1.WFC,0,12/12/16,09:50:55,56.820000000,200
US1.WFC,0,12/12/16,09:50:59,56.820000000,200
US1.WFC,0,12/12/16,09:51:04,56.820000000,100
US1.WFC,0,12/12/16,09:51:04,56.820000000,161
US1.WFC,0,12/12/16,09:51:04,56.820000000,100
US1.WFC,0,12/12/16,09:51:04,56.820000000,200
US1.WFC,0,12/12/16,09:51:04,56.820000000,100
US1.WFC,0,12/12/16,09:51:04,56.820000000,159
US1.WFC,0,12/12/16,09:51:12,56.820000000,200
US1.WFC,0,12/12/16,09:51:12,56.820000000,100
US1.WFC,0,12/12/16,09:51:12,56.820000000,100
US1.WFC,0,12/12/16,09:51:12,56.820000000,100
US1.WFC,0,12/12/16,09:51:12,56.820000000,100
US1.WFC,0,12/12/16,09:51:12,56.820000000,100
US1.WFC,0,12/12/16,09:51:12,56.820000000,100
US1.WFC,0,12/12/16,09:51:14,56.820000000,200
US1.WFC,0,12/12/16,09:51:14,56.820000000,100
US1.WFC,0,12/12/16,09:51:28,56.810000000,100
US1.WFC,0,12/12/16,09:51:28,56.810000000,100
US1.WFC,0,12/12/16,09:51:28,56.810000000,100
US1.WFC,0,12/12/16,09:51:28,56.810000000,100
US1.WFC,0,12/12/16,09:51:28,56.810000000,100
US1.WFC,0,12/12/16,09:51:31,56.805000000,100
US1.WFC,0,12/12/16,09:51:31,56.805000000,100
US1.WFC,0,12/12/16,09:51:32,56.800000000,200
US1.WFC,0,12/12/16,09:51:32,56.790000000,100
US1.WFC,0,12/12/16,09:51:33,56.790000000,100
US1.WFC,0,12/12/16,09:51:33,56.790000000,200
US1.WFC,0,12/12/16,09:51:33,56.790000000,100
US1.WFC,0,12/12/16,09:51:33,56.790000000,100
US1.WFC,0,12/12/16,09:51:33,56.790000000,100
US1.WFC,0,12/12/16,09:51:41,56.790000000,300
US1.WFC,0,12/12/16,09:51:43,56.780000000,199
US1.WFC,0,12/12/16,09:51:46,56.770000000,100
US1.WFC,0,12/12/16,09:51:56,56.770000000,100
US1.WFC,0,12/12/16,09:51:59,56.770000000,100
US1.WFC,0,12/12/16,09:52:02,56.770000000,100
US1.WFC,0,12/12/16,09:52:06,56.780000000,188
US1.WFC,0,12/12/16,09:52:06,56.780000000,300
US1.WFC,0,12/12/16,09:52:06,56.780000000,200
US1.WFC,0,12/12/16,09:52:06,56.780000000,100
US1.WFC,0,12/12/16,09:52:06,56.780000000,100
US1.WFC,0,12/12/16,09:52:06,56.780000000,100
US1.WFC,0,12/12/16,09:52:06,56.780000000,100
US1.WFC,0,12/12/16,09:52:10,56.770000000,200
US1.WFC,0,12/12/16,09:52:10,56.760000000,100
US1.WFC,0,12/12/16,09:52:10,56.760000000,100
US1.WFC,0,12/12/16,09:52:10,56.760000000,100
US1.WFC,0,12/12/16,09:52:11,56.760000000,100
US1.WFC,0,12/12/16,09:52:11,56.760000000,100
US1.WFC,0,12/12/16,09:52:11,56.760000000,100
US1.WFC,0,12/12/16,09:52:11,56.760000000,100
US1.WFC,0,12/12/16,09:52:17,56.740000000,100
US1.WFC,0,12/12/16,09:52:17,56.740000000,200
US1.WFC,0,12/12/16,09:52:17,56.740000000,100
US1.WFC,0,12/12/16,09:52:17,56.740000000,100
US1.WFC,0,12/12/16,09:52:17,56.740000000,100
US1.WFC,0,12/12/16,09:52:17,56.740000000,100
US1.WFC,0,12/12/16,09:52:17,56.740000000,100
US1.WFC,0,12/12/16,09:52:23,56.740000000,100
US1.WFC,0,12/12/16,09:52:23,56.735000000,100
US1.WFC,0,12/12/16,09:52:26,56.730000000,100
US1.WFC,0,12/12/16,09:52:26,56.730000000,100
US1.WFC,0,12/12/16,09:52:26,56.730000000,100
US1.WFC,0,12/12/16,09:52:26,56.720000000,100
US1.WFC,0,12/12/16,09:52:26,56.720000000,100
US1.WFC,0,12/12/16,09:52:30,56.720000000,100
US1.WFC,0,12/12/16,09:52:30,56.720000000,140
US1.WFC,0,12/12/16,09:52:31,56.720000000,100
US1.WFC,0,12/12/16,09:52:31,56.720000000,100
US1.WFC,0,12/12/16,09:52:31,56.720000000,100
US1.WFC,0,12/12/16,09:52:32,56.720000000,100
US1.WFC,0,12/12/16,09:52:32,56.720000000,100
US1.WFC,0,12/12/16,09:52:32,56.720000000,100
US1.WFC,0,12/12/16,09:52:32,56.720000000,100
US1.WFC,0,12/12/16,09:52:32,56.720000000,100
US1.WFC,0,12/12/16,09:52:32,56.720000000,440
US1.WFC,0,12/12/16,09:52:33,56.710000000,100
US1.WFC,0,12/12/16,09:52:35,56.710000000,100
US1.WFC,0,12/12/16,09:52:35,56.710000000,100
US1.WFC,0,12/12/16,09:52:35,56.710000000,100
US1.WFC,0,12/12/16,09:52:35,56.710000000,100
US1.WFC,0,12/12/16,09:52:35,56.710000000,100
US1.WFC,0,12/12/16,09:52:35,56.710000000,100
US1.WFC,0,12/12/16,09:52:35,56.710000000,100
US1.WFC,0,12/12/16,09:52:35,56.710000000,2000
US1.WFC,0,12/12/16,09:52:35,56.710000000,100
US1.WFC,0,12/12/16,09:52:35,56.710000000,200
US1.WFC,0,12/12/16,09:52:35,56.710000000,100
US1.WFC,0,12/12/16,09:52:35,56.710000000,600
US1.WFC,0,12/12/16,09:52:35,56.710000000,100
US1.WFC,0,12/12/16,09:52:35,56.710000000,500
US1.WFC,0,12/12/16,09:52:35,56.710000000,100
US1.WFC,0,12/12/16,09:52:35,56.710000000,100
US1.WFC,0,12/12/16,09:52:35,56.710000000,800
US1.WFC,0,12/12/16,09:52:35,56.710000000,100
US1.WFC,0,12/12/16,09:52:35,56.710000000,400
US1.WFC,0,12/12/16,09:52:35,56.710000000,100
US1.WFC,0,12/12/16,09:52:35,56.710000000,100
US1.WFC,0,12/12/16,09:52:35,56.710000000,100
US1.WFC,0,12/12/16,09:52:35,56.710000000,500
US1.WFC,0,12/12/16,09:52:40,56.710000000,100
US1.WFC,0,12/12/16,09:52:40,56.710000000,100
US1.WFC,0,12/12/16,09:52:40,56.710000000,100
US1.WFC,0,12/12/16,09:52:40,56.710000000,100
US1.WFC,0,12/12/16,09:52:40,56.710000000,100
US1.WFC,0,12/12/16,09:52:40,56.710000000,100
US1.WFC,0,12/12/16,09:52:40,56.710000000,200
US1.WFC,0,12/12/16,09:52:40,56.710000000,100
US1.WFC,0,12/12/16,09:52:40,56.710000000,100
US1.WFC,0,12/12/16,09:52:40,56.710000000,100
US1.WFC,0,12/12/16,09:52:40,56.710000000,100
US1.WFC,0,12/12/16,09:52:40,56.710000000,100
US1.WFC,0,12/12/16,09:52:40,56.710000000,100
US1.WFC,0,12/12/16,09:52:40,56.710000000,100
US1.WFC,0,12/12/16,09:52:40,56.710000000,100
US1.WFC,0,12/12/16,09:52:40,56.710000000,2200
US1.WFC,0,12/12/16,09:52:41,56.700000000,100
US1.WFC,0,12/12/16,09:52:41,56.690000000,100
US1.WFC,0,12/12/16,09:52:41,56.690000000,100
US1.WFC,0,12/12/16,09:52:41,56.690000000,100
US1.WFC,0,12/12/16,09:52:41,56.690000000,100
US1.WFC,0,12/12/16,09:52:41,56.690000000,100
US1.WFC,0,12/12/16,09:52:41,56.690000000,100
US1.WFC,0,12/12/16,09:52:41,56.680000000,100
US1.WFC,0,12/12/16,09:52:41,56.680000000,100
US1.WFC,0,12/12/16,09:52:43,56.680000000,100
US1.WFC,0,12/12/16,09:52:49,56.670000000,100
US1.WFC,0,12/12/16,09:52:49,56.670000000,100
US1.WFC,0,12/12/16,09:52:49,56.670000000,100
US1.WFC,0,12/12/16,09:52:52,56.680000000,100
US1.WFC,0,12/12/16,09:52:52,56.680000000,100
US1.WFC,0,12/12/16,09:52:52,56.680000000,100
US1.WFC,0,12/12/16,09:52:52,56.680000000,200
US1.WFC,0,12/12/16,09:52:52,56.680000000,100
US1.WFC,0,12/12/16,09:52:52,56.680000000,200
US1.WFC,0,12/12/16,09:52:52,56.680000000,100
US1.WFC,0,12/12/16,09:52:52,56.680000000,400
US1.WFC,0,12/12/16,09:52:55,56.690000000,100
US1.WFC,0,12/12/16,09:52:57,56.700000000,100
US1.WFC,0,12/12/16,09:52:57,56.700000000,100
US1.WFC,0,12/12/16,09:52:57,56.700000000,100
US1.WFC,0,12/12/16,09:53:00,56.700000000,100
US1.WFC,0,12/12/16,09:53:00,56.700000000,100
US1.WFC,0,12/12/16,09:53:01,56.700000000,100
US1.WFC,0,12/12/16,09:53:01,56.700000000,100
US1.WFC,0,12/12/16,09:53:01,56.700000000,100
US1.WFC,0,12/12/16,09:53:01,56.700000000,100
US1.WFC,0,12/12/16,09:53:02,56.700000000,100
US1.WFC,0,12/12/16,09:53:02,56.700000000,100
US1.WFC,0,12/12/16,09:53:02,56.700000000,100
US1.WFC,0,12/12/16,09:53:02,56.700000000,100
US1.WFC,0,12/12/16,09:53:02,56.700000000,100
US1.WFC,0,12/12/16,09:53:02,56.700000000,100
US1.WFC,0,12/12/16,09:53:02,56.700000000,200
US1.WFC,0,12/12/16,09:53:03,56.710000000,100
US1.WFC,0,12/12/16,09:53:03,56.710000000,100
US1.WFC,0,12/12/16,09:53:05,56.710000000,100
US1.WFC,0,12/12/16,09:53:05,56.710000000,100
US1.WFC,0,12/12/16,09:53:09,56.710000000,100
US1.WFC,0,12/12/16,09:53:09,56.710000000,100
US1.WFC,0,12/12/16,09:53:11,56.710000000,100
US1.WFC,0,12/12/16,09:53:11,56.710000000,100
US1.WFC,0,12/12/16,09:53:17,56.710000000,100
US1.WFC,0,12/12/16,09:53:17,56.710000000,100
US1.WFC,0,12/12/16,09:53:19,56.710000000,100
US1.WFC,0,12/12/16,09:53:19,56.710000000,100
US1.WFC,0,12/12/16,09:53:19,56.710000000,100
US1.WFC,0,12/12/16,09:53:21,56.710000000,100
US1.WFC,0,12/12/16,09:53:21,56.710000000,100
US1.WFC,0,12/12/16,09:53:23,56.700000000,300
US1.WFC,0,12/12/16,09:53:23,56.700000000,100
US1.WFC,0,12/12/16,09:53:25,56.690000000,100
US1.WFC,0,12/12/16,09:53:30,56.680000000,580
US1.WFC,0,12/12/16,09:53:33,56.680000000,100
US1.WFC,0,12/12/16,09:53:33,56.680000000,700
US1.WFC,0,12/12/16,09:53:33,56.680000000,200
US1.WFC,0,12/12/16,09:53:33,56.680000000,1919
US1.WFC,0,12/12/16,09:53:33,56.680000000,700
US1.WFC,0,12/12/16,09:53:33,56.680000000,700
US1.WFC,0,12/12/16,09:53:33,56.680000000,798
US1.WFC,0,12/12/16,09:53:33,56.680000000,700
US1.WFC,0,12/12/16,09:53:33,56.680000000,700
US1.WFC,0,12/12/16,09:53:33,56.680000000,700
US1.WFC,0,12/12/16,09:53:33,56.680000000,700
US1.WFC,0,12/12/16,09:53:33,56.680000000,700
US1.WFC,0,12/12/16,09:53:33,56.680000000,426
US1.WFC,0,12/12/16,09:53:33,56.680000000,274
US1.WFC,0,12/12/16,09:53:33,56.680000000,700
US1.WFC,0,12/12/16,09:53:33,56.680000000,700
US1.WFC,0,12/12/16,09:53:33,56.680000000,100
US1.WFC,0,12/12/16,09:53:33,56.680000000,100
US1.WFC,0,12/12/16,09:53:33,56.680000000,200
US1.WFC,0,12/12/16,09:53:33,56.680000000,100
US1.WFC,0,12/12/16,09:53:41,56.670000000,200
US1.WFC,0,12/12/16,09:53:41,56.670000000,100
US1.WFC,0,12/12/16,09:53:46,56.660000000,100
US1.WFC,0,12/12/16,09:53:46,56.660000000,100
US1.WFC,0,12/12/16,09:53:46,56.660000000,100
US1.WFC,0,12/12/16,09:53:46,56.660000000,100
US1.WFC,0,12/12/16,09:53:46,56.660000000,100
US1.WFC,0,12/12/16,09:53:46,56.660000000,200
US1.WFC,0,12/12/16,09:53:46,56.660000000,200
US1.WFC,0,12/12/16,09:53:50,56.650000000,100
US1.WFC,0,12/12/16,09:53:50,56.650000000,200
US1.WFC,0,12/12/16,09:53:50,56.650000000,100
US1.WFC,0,12/12/16,09:53:50,56.650000000,100
US1.WFC,0,12/12/16,09:53:50,56.650000000,200
US1.WFC,0,12/12/16,09:53:51,56.650000000,100
US1.WFC,0,12/12/16,09:53:51,56.650000000,100
US1.WFC,0,12/12/16,09:53:51,56.650000000,100
US1.WFC,0,12/12/16,09:53:51,56.650000000,100
US1.WFC,0,12/12/16,09:53:52,56.650000000,100
US1.WFC,0,12/12/16,09:53:52,56.650000000,201
US1.WFC,0,12/12/16,09:53:52,56.650000000,100
US1.WFC,0,12/12/16,09:53:52,56.650000000,100
US1.WFC,0,12/12/16,09:53:54,56.650000000,100
US1.WFC,0,12/12/16,09:53:54,56.650000000,100
US1.WFC,0,12/12/16,09:53:55,56.650000000,100
US1.WFC,0,12/12/16,09:53:56,56.640000000,500
US1.WFC,0,12/12/16,09:54:03,56.630000000,100
US1.WFC,0,12/12/16,09:54:03,56.630000000,100
US1.WFC,0,12/12/16,09:54:14,56.635000000,200
US1.WFC,0,12/12/16,09:54:14,56.640000000,100
US1.WFC,0,12/12/16,09:54:14,56.640000000,100
US1.WFC,0,12/12/16,09:54:14,56.640000000,200
US1.WFC,0,12/12/16,09:54:14,56.640000000,100
US1.WFC,0,12/12/16,09:54:14,56.640000000,100
US1.WFC,0,12/12/16,09:54:14,56.640000000,400
US1.WFC,0,12/12/16,09:54:14,56.640000000,100
US1.WFC,0,12/12/16,09:54:14,56.640000000,100
US1.WFC,0,12/12/16,09:54:14,56.640000000,100
US1.WFC,0,12/12/16,09:54:14,56.640000000,100
US1.WFC,0,12/12/16,09:54:15,56.640000000,100
US1.WFC,0,12/12/16,09:54:17,56.650000000,100
US1.WFC,0,12/12/16,09:54:17,56.650000000,100
US1.WFC,0,12/12/16,09:54:19,56.650000000,200
US1.WFC,0,12/12/16,09:54:24,56.650000000,200
US1.WFC,0,12/12/16,09:54:24,56.650000000,100
US1.WFC,0,12/12/16,09:54:26,56.660000000,200
US1.WFC,0,12/12/16,09:54:26,56.660000000,100
US1.WFC,0,12/12/16,09:54:26,56.660000000,100
US1.WFC,0,12/12/16,09:54:26,56.670000000,100
US1.WFC,0,12/12/16,09:54:26,56.670000000,100
US1.WFC,0,12/12/16,09:54:26,56.670000000,100
US1.WFC,0,12/12/16,09:54:27,56.680000000,100
US1.WFC,0,12/12/16,09:54:27,56.690000000,100
US1.WFC,0,12/12/16,09:54:28,56.690000000,100
US1.WFC,0,12/12/16,09:54:32,56.700000000,100
US1.WFC,0,12/12/16,09:54:32,56.700000000,100
US1.WFC,0,12/12/16,09:54:38,56.700000000,100
US1.WFC,0,12/12/16,09:54:39,56.700000000,100
US1.WFC,0,12/12/16,09:54:39,56.700000000,100
US1.WFC,0,12/12/16,09:54:39,56.700000000,100
US1.WFC,0,12/12/16,09:54:39,56.700000000,200
US1.WFC,0,12/12/16,09:54:40,56.700000000,100
US1.WFC,0,12/12/16,09:54:40,56.700000000,100
US1.WFC,0,12/12/16,09:54:51,56.700000000,100
US1.WFC,0,12/12/16,09:54:51,56.700000000,100
US1.WFC,0,12/12/16,09:54:51,56.700000000,100
US1.WFC,0,12/12/16,09:54:51,56.700000000,100
US1.WFC,0,12/12/16,09:54:51,56.700000000,100
US1.WFC,0,12/12/16,09:54:51,56.700000000,100
US1.WFC,0,12/12/16,09:54:51,56.700000000,100
US1.WFC,0,12/12/16,09:54:51,56.700000000,100
US1.WFC,0,12/12/16,09:54:51,56.700000000,100
US1.WFC,0,12/12/16,09:54:51,56.700000000,100
US1.WFC,0,12/12/16,09:54:51,56.700000000,100
US1.WFC,0,12/12/16,09:54:52,56.700000000,100
US1.WFC,0,12/12/16,09:54:52,56.700000000,100
US1.WFC,0,12/12/16,09:54:52,56.700000000,200
US1.WFC,0,12/12/16,09:54:52,56.700000000,100
US1.WFC,0,12/12/16,09:54:52,56.700000000,100
US1.WFC,0,12/12/16,09:54:53,56.700000000,100
US1.WFC,0,12/12/16,09:54:53,56.700000000,100
US1.WFC,0,12/12/16,09:54:56,56.700000000,100
US1.WFC,0,12/12/16,09:54:56,56.700000000,100
US1.WFC,0,12/12/16,09:54:56,56.700000000,300
US1.WFC,0,12/12/16,09:54:56,56.700000000,100
US1.WFC,0,12/12/16,09:54:56,56.700000000,100
US1.WFC,0,12/12/16,09:54:56,56.700000000,100
US1.WFC,0,12/12/16,09:55:03,56.700000000,100
US1.WFC,0,12/12/16,09:55:15,56.700000000,100
US1.WFC,0,12/12/16,09:55:15,56.700000000,200
US1.WFC,0,12/12/16,09:55:15,56.700000000,100
US1.WFC,0,12/12/16,09:55:15,56.700000000,200
US1.WFC,0,12/12/16,09:55:15,56.700000000,100
US1.WFC,0,12/12/16,09:55:20,56.700000000,100
US1.WFC,0,12/12/16,09:55:20,56.700000000,100
US1.WFC,0,12/12/16,09:55:28,56.705000000,100
US1.WFC,0,12/12/16,09:55:29,56.700000000,100
US1.WFC,0,12/12/16,09:55:29,56.700000000,400
US1.WFC,0,12/12/16,09:55:29,56.700000000,200
US1.WFC,0,12/12/16,09:55:32,56.705000000,200
US1.WFC,0,12/12/16,09:55:32,56.710000000,100
US1.WFC,0,12/12/16,09:55:32,56.710000000,100
US1.WFC,0,12/12/16,09:55:32,56.710000000,100
US1.WFC,0,12/12/16,09:55:32,56.710000000,100
US1.WFC,0,12/12/16,09:55:32,56.710000000,100
US1.WFC,0,12/12/16,09:55:32,56.710000000,100
US1.WFC,0,12/12/16,09:55:32,56.710000000,100
US1.WFC,0,12/12/16,09:55:34,56.715000000,300
US1.WFC,0,12/12/16,09:55:34,56.715000000,100
US1.WFC,0,12/12/16,09:55:34,56.720000000,100
US1.WFC,0,12/12/16,09:55:40,56.715000000,300
US1.WFC,0,12/12/16,09:55:40,56.720000000,200
US1.WFC,0,12/12/16,09:55:40,56.720000000,100
US1.WFC,0,12/12/16,09:55:41,56.720000000,200
US1.WFC,0,12/12/16,09:55:41,56.720000000,100
US1.WFC,0,12/12/16,09:55:41,56.720000000,100
US1.WFC,0,12/12/16,09:55:47,56.725000000,380
US1.WFC,0,12/12/16,09:55:47,56.730000000,500
US1.WFC,0,12/12/16,09:55:47,56.730000000,500
US1.WFC,0,12/12/16,09:55:49,56.740000000,100
US1.WFC,0,12/12/16,09:55:49,56.740000000,100
US1.WFC,0,12/12/16,09:55:49,56.740000000,300
US1.WFC,0,12/12/16,09:55:49,56.740000000,189
US1.WFC,0,12/12/16,09:55:49,56.740000000,311
US1.WFC,0,12/12/16,09:55:54,56.750000000,100
US1.WFC,0,12/12/16,09:55:54,56.750000000,300
US1.WFC,0,12/12/16,09:55:54,56.750000000,300
US1.WFC,0,12/12/16,09:55:54,56.750000000,100
US1.WFC,0,12/12/16,09:55:54,56.750000000,487
US1.WFC,0,12/12/16,09:55:54,56.750000000,500
US1.WFC,0,12/12/16,09:55:54,56.760000000,100
US1.WFC,0,12/12/16,09:55:54,56.760000000,100
US1.WFC,0,12/12/16,09:55:54,56.760000000,100
US1.WFC,0,12/12/16,09:55:54,56.750000000,169
US1.WFC,0,12/12/16,09:55:54,56.760000000,300
US1.WFC,0,12/12/16,09:55:54,56.760000000,100
US1.WFC,0,12/12/16,09:55:54,56.760000000,100
US1.WFC,0,12/12/16,09:55:54,56.760000000,300
US1.WFC,0,12/12/16,09:55:54,56.760000000,200
US1.WFC,0,12/12/16,09:55:56,56.770000000,100
US1.WFC,0,12/12/16,09:55:56,56.770000000,499
US1.WFC,0,12/12/16,09:55:56,56.770000000,500
US1.WFC,0,12/12/16,09:55:57,56.770000000,200
US1.WFC,0,12/12/16,09:55:57,56.770000000,100
US1.WFC,0,12/12/16,09:55:57,56.770000000,100
US1.WFC,0,12/12/16,09:55:58,56.780000000,100
US1.WFC,0,12/12/16,09:55:59,56.790000000,100
US1.WFC,0,12/12/16,09:55:59,56.790000000,100
US1.WFC,0,12/12/16,09:56:01,56.810000000,100
US1.WFC,0,12/12/16,09:56:05,56.810000000,100
US1.WFC,0,12/12/16,09:56:05,56.810000000,200
US1.WFC,0,12/12/16,09:56:05,56.810000000,200
US1.WFC,0,12/12/16,09:56:05,56.810000000,100
US1.WFC,0,12/12/16,09:56:05,56.810000000,200
US1.WFC,0,12/12/16,09:56:06,56.810000000,200
US1.WFC,0,12/12/16,09:56:06,56.810000000,100
US1.WFC,0,12/12/16,09:56:06,56.810000000,100
US1.WFC,0,12/12/16,09:56:07,56.810000000,200
US1.WFC,0,12/12/16,09:56:07,56.810000000,100
US1.WFC,0,12/12/16,09:56:12,56.815000000,100
US1.WFC,0,12/12/16,09:56:12,56.820000000,100
US1.WFC,0,12/12/16,09:56:12,56.820000000,100
US1.WFC,0,12/12/16,09:56:12,56.820000000,100
US1.WFC,0,12/12/16,09:56:12,56.820000000,100
US1.WFC,0,12/12/16,09:56:12,56.820000000,100
US1.WFC,0,12/12/16,09:56:14,56.820000000,100
US1.WFC,0,12/12/16,09:56:14,56.810000000,200
US1.WFC,0,12/12/16,09:56:14,56.810000000,300
US1.WFC,0,12/12/16,09:56:14,56.810000000,200
US1.WFC,0,12/12/16,09:56:14,56.810000000,100
US1.WFC,0,12/12/16,09:56:14,56.810000000,200
US1.WFC,0,12/12/16,09:56:20,56.810000000,100
US1.WFC,0,12/12/16,09:56:20,56.810000000,200
US1.WFC,0,12/12/16,09:56:20,56.810000000,100
US1.WFC,0,12/12/16,09:56:20,56.810000000,100
US1.WFC,0,12/12/16,09:56:27,56.810000000,100
US1.WFC,0,12/12/16,09:56:27,56.810000000,100
US1.WFC,0,12/12/16,09:56:27,56.810000000,100
US1.WFC,0,12/12/16,09:56:27,56.810000000,100
US1.WFC,0,12/12/16,09:56:27,56.810000000,100
US1.WFC,0,12/12/16,09:56:27,56.810000000,100
US1.WFC,0,12/12/16,09:56:27,56.810000000,100
US1.WFC,0,12/12/16,09:56:27,56.810000000,100
US1.WFC,0,12/12/16,09:56:27,56.810000000,100
US1.WFC,0,12/12/16,09:56:27,56.810000000,200
US1.WFC,0,12/12/16,09:56:27,56.810000000,100
US1.WFC,0,12/12/16,09:56:27,56.810000000,100
US1.WFC,0,12/12/16,09:56:27,56.810000000,100
US1.WFC,0,12/12/16,09:56:27,56.810000000,100
US1.WFC,0,12/12/16,09:56:29,56.790000000,100
US1.WFC,0,12/12/16,09:56:29,56.790000000,100
US1.WFC,0,12/12/16,09:56:29,56.790000000,100
US1.WFC,0,12/12/16,09:56:38,56.770000000,100
US1.WFC,0,12/12/16,09:56:38,56.770000000,100
US1.WFC,0,12/12/16,09:56:38,56.770000000,335
US1.WFC,0,12/12/16,09:56:44,56.750000000,100
US1.WFC,0,12/12/16,09:56:46,56.740000000,100
US1.WFC,0,12/12/16,09:56:46,56.740000000,100
US1.WFC,0,12/12/16,09:56:46,56.740000000,100
US1.WFC,0,12/12/16,09:56:46,56.740000000,200
US1.WFC,0,12/12/16,09:56:50,56.740000000,100
US1.WFC,0,12/12/16,09:56:51,56.740000000,100
US1.WFC,0,12/12/16,09:56:51,56.740000000,100
US1.WFC,0,12/12/16,09:56:51,56.740000000,100
US1.WFC,0,12/12/16,09:56:51,56.730000000,100
US1.WFC,0,12/12/16,09:56:51,56.730000000,100
US1.WFC,0,12/12/16,09:56:53,56.720000000,100
US1.WFC,0,12/12/16,09:56:53,56.720000000,100
US1.WFC,0,12/12/16,09:56:53,56.720000000,100
US1.WFC,0,12/12/16,09:56:53,56.720000000,200
US1.WFC,0,12/12/16,09:56:53,56.720000000,100
US1.WFC,0,12/12/16,09:56:53,56.720000000,100
US1.WFC,0,12/12/16,09:56:53,56.720000000,200
US1.WFC,0,12/12/16,09:56:53,56.720000000,100
US1.WFC,0,12/12/16,09:56:56,56.730000000,100
US1.WFC,0,12/12/16,09:56:56,56.730000000,100
US1.WFC,0,12/12/16,09:56:58,56.720000000,100
US1.WFC,0,12/12/16,09:56:58,56.720000000,100
US1.WFC,0,12/12/16,09:56:59,56.720000000,100
US1.WFC,0,12/12/16,09:57:00,56.720000000,100
US1.WFC,0,12/12/16,09:57:00,56.720000000,100
US1.WFC,0,12/12/16,09:57:00,56.720000000,100
US1.WFC,0,12/12/16,09:57:00,56.720000000,100
US1.WFC,0,12/12/16,09:57:00,56.720000000,300
US1.WFC,0,12/12/16,09:57:02,56.720000000,100
US1.WFC,0,12/12/16,09:57:02,56.720000000,200
US1.WFC,0,12/12/16,09:57:02,56.730000000,100
US1.WFC,0,12/12/16,09:57:02,56.730000000,100
US1.WFC,0,12/12/16,09:57:17,56.735000000,100
US1.WFC,0,12/12/16,09:57:18,56.735000000,100
US1.WFC,0,12/12/16,09:57:28,56.740000000,100
US1.WFC,0,12/12/16,09:57:28,56.740000000,100
US1.WFC,0,12/12/16,09:57:28,56.740000000,100
US1.WFC,0,12/12/16,09:57:28,56.740000000,100
US1.WFC,0,12/12/16,09:57:28,56.750000000,100
US1.WFC,0,12/12/16,09:57:28,56.750000000,100
US1.WFC,0,12/12/16,09:57:28,56.750000000,100
US1.WFC,0,12/12/16,09:57:28,56.750000000,100
US1.WFC,0,12/12/16,09:57:28,56.750000000,100
US1.WFC,0,12/12/16,09:57:29,56.750000000,100
US1.WFC,0,12/12/16,09:57:35,56.750000000,100
US1.WFC,0,12/12/16,09:57:38,56.750000000,100
US1.WFC,0,12/12/16,09:57:38,56.750000000,100
US1.WFC,0,12/12/16,09:57:42,56.745000000,100
US1.WFC,0,12/12/16,09:57:51,56.750000000,100
US1.WFC,0,12/12/16,09:57:58,56.760000000,100
US1.WFC,0,12/12/16,09:57:58,56.760000000,100
US1.WFC,0,12/12/16,09:57:58,56.760000000,100
US1.WFC,0,12/12/16,09:57:58,56.760000000,100
US1.WFC,0,12/12/16,09:58:00,56.760000000,179
US1.WFC,0,12/12/16,09:58:00,56.770000000,100
US1.WFC,0,12/12/16,09:58:01,56.770000000,100
US1.WFC,0,12/12/16,09:58:01,56.770000000,100
US1.WFC,0,12/12/16,09:58:01,56.770000000,100
US1.WFC,0,12/12/16,09:58:01,56.770000000,100
US1.WFC,0,12/12/16,09:58:01,56.770000000,100
US1.WFC,0,12/12/16,09:58:03,56.780000000,100
US1.WFC,0,12/12/16,09:58:12,56.775000000,100
US1.WFC,0,12/12/16,09:58:16,56.780000000,100
US1.WFC,0,12/12/16,09:58:16,56.790000000,100
US1.WFC,0,12/12/16,09:58:22,56.790000000,100
US1.WFC,0,12/12/16,09:58:22,56.790000000,200
US1.WFC,0,12/12/16,09:58:22,56.790000000,100
US1.WFC,0,12/12/16,09:58:22,56.790000000,200
US1.WFC,0,12/12/16,09:58:22,56.790000000,100
US1.WFC,0,12/12/16,09:58:22,56.790000000,200
US1.WFC,0,12/12/16,09:58:22,56.795000000,100
US1.WFC,0,12/12/16,09:58:22,56.795000000,100
US1.WFC,0,12/12/16,09:58:22,56.795000000,100
US1.WFC,0,12/12/16,09:58:22,56.795000000,100
US1.WFC,0,12/12/16,09:58:29,56.800000000,100
US1.WFC,0,12/12/16,09:58:29,56.800000000,100
US1.WFC,0,12/12/16,09:58:29,56.800000000,100
US1.WFC,0,12/12/16,09:58:30,56.810000000,300
US1.WFC,0,12/12/16,09:58:30,56.810000000,100
US1.WFC,0,12/12/16,09:58:30,56.810000000,100
US1.WFC,0,12/12/16,09:58:31,56.820000000,100
US1.WFC,0,12/12/16,09:58:32,56.830000000,132
US1.WFC,0,12/12/16,09:58:34,56.830000000,100
US1.WFC,0,12/12/16,09:58:36,56.830000000,100
US1.WFC,0,12/12/16,09:58:36,56.840000000,100
US1.WFC,0,12/12/16,09:58:36,56.840000000,200
US1.WFC,0,12/12/16,09:58:36,56.850000000,100
US1.WFC,0,12/12/16,09:58:36,56.850000000,100
US1.WFC,0,12/12/16,09:58:36,56.850000000,100
US1.WFC,0,12/12/16,09:58:37,56.860000000,100
US1.WFC,0,12/12/16,09:58:37,56.860000000,100
US1.WFC,0,12/12/16,09:58:53,56.870000000,100
US1.WFC,0,12/12/16,09:58:53,56.870000000,100
US1.WFC,0,12/12/16,09:58:53,56.870000000,100
US1.WFC,0,12/12/16,09:58:53,56.870000000,100
US1.WFC,0,12/12/16,09:58:53,56.870000000,100
US1.WFC,0,12/12/16,09:58:53,56.870000000,100
US1.WFC,0,12/12/16,09:58:53,56.870000000,100
US1.WFC,0,12/12/16,09:58:53,56.870000000,100
US1.WFC,0,12/12/16,09:58:55,56.870000000,100
US1.WFC,0,12/12/16,09:58:55,56.880000000,100
US1.WFC,0,12/12/16,09:58:55,56.880000000,500
US1.WFC,0,12/12/16,09:58:55,56.880000000,100
US1.WFC,0,12/12/16,09:58:55,56.880000000,100
US1.WFC,0,12/12/16,09:58:57,56.890000000,100
US1.WFC,0,12/12/16,09:58:57,56.895000000,100
US1.WFC,0,12/12/16,09:59:03,56.910000000,100
US1.WFC,0,12/12/16,09:59:08,56.900000000,100
US1.WFC,0,12/12/16,09:59:08,56.900000000,200
US1.WFC,0,12/12/16,09:59:08,56.900000000,100
US1.WFC,0,12/12/16,09:59:08,56.900000000,100
US1.WFC,0,12/12/16,09:59:08,56.900000000,200
US1.WFC,0,12/12/16,09:59:08,56.900000000,100
US1.WFC,0,12/12/16,09:59:08,56.900000000,200
US1.WFC,0,12/12/16,09:59:11,56.900000000,100
US1.WFC,0,12/12/16,09:59:11,56.900000000,200
US1.WFC,0,12/12/16,09:59:11,56.900000000,200
US1.WFC,0,12/12/16,09:59:11,56.900000000,100
US1.WFC,0,12/12/16,09:59:11,56.900000000,200
US1.WFC,0,12/12/16,09:59:11,56.900000000,200
US1.WFC,0,12/12/16,09:59:16,56.900000000,200
US1.WFC,0,12/12/16,09:59:16,56.900000000,100
US1.WFC,0,12/12/16,09:59:16,56.900000000,100
US1.WFC,0,12/12/16,09:59:16,56.900000000,100
US1.WFC,0,12/12/16,09:59:17,56.900000000,200
US1.WFC,0,12/12/16,09:59:17,56.900000000,100
US1.WFC,0,12/12/16,09:59:17,56.900000000,100
US1.WFC,0,12/12/16,09:59:25,56.900000000,100
US1.WFC,0,12/12/16,09:59:28,56.900000000,100
US1.WFC,0,12/12/16,09:59:28,56.900000000,300
US1.WFC,0,12/12/16,09:59:28,56.900000000,200
US1.WFC,0,12/12/16,09:59:28,56.900000000,100
US1.WFC,0,12/12/16,09:59:28,56.900000000,100
US1.WFC,0,12/12/16,09:59:28,56.900000000,200
US1.WFC,0,12/12/16,09:59:28,56.900000000,100
US1.WFC,0,12/12/16,09:59:28,56.900000000,100
US1.WFC,0,12/12/16,09:59:28,56.900000000,100
US1.WFC,0,12/12/16,09:59:28,56.900000000,200
US1.WFC,0,12/12/16,09:59:28,56.900000000,200
US1.WFC,0,12/12/16,09:59:28,56.900000000,200
US1.WFC,0,12/12/16,09:59:28,56.900000000,200
US1.WFC,0,12/12/16,09:59:30,56.910000000,100
US1.WFC,0,12/12/16,09:59:30,56.910000000,100
US1.WFC,0,12/12/16,09:59:30,56.910000000,200
US1.WFC,0,12/12/16,09:59:30,56.910000000,100
US1.WFC,0,12/12/16,09:59:31,56.910000000,100
US1.WFC,0,12/12/16,09:59:34,56.910000000,100
US1.WFC,0,12/12/16,09:59:34,56.910000000,100
US1.WFC,0,12/12/16,09:59:44,56.900000000,100
US1.WFC,0,12/12/16,09:59:44,56.900000000,200
US1.WFC,0,12/12/16,09:59:45,56.900000000,100
US1.WFC,0,12/12/16,09:59:56,56.905000000,150
US1.WFC,0,12/12/16,09:59:56,56.910000000,100
US1.WFC,0,12/12/16,09:59:56,56.910000000,100
US1.WFC,0,12/12/16,09:59:56,56.910000000,100
US1.WFC,0,12/12/16,09:59:59,56.920000000,100
US1.WFC,0,12/12/16,09:59:59,56.920000000,100
US1.WFC,0,12/12/16,09:59:59,56.920000000,100
US1.WFC,0,12/12/16,09:59:59,56.920000000,300
US1.WFC,0,12/12/16,09:59:59,56.930000000,100
US1.WFC,0,12/12/16,09:59:59,56.940000000,100
US1.WFC,0,12/12/16,09:59:59,56.950000000,100
US1.WFC,0,12/12/16,09:59:59,56.955000000,100
US1.WFC,0,12/12/16,10:00:00,56.950000000,300
US1.WFC,0,12/12/16,10:00:17,56.950000000,200
US1.WFC,0,12/12/16,10:00:28,56.950000000,100
US1.WFC,0,12/12/16,10:00:28,56.950000000,100
US1.WFC,0,12/12/16,10:00:28,56.950000000,100
US1.WFC,0,12/12/16,10:00:44,56.960000000,100
US1.WFC,0,12/12/16,10:01:07,56.960000000,100
US1.WFC,0,12/12/16,10:01:13,56.970000000,100
US1.WFC,0,12/12/16,10:01:13,56.965000000,100
US1.WFC,0,12/12/16,10:01:18,56.965000000,100
US1.WFC,0,12/12/16,10:01:18,56.970000000,100
US1.WFC,0,12/12/16,10:01:18,56.970000000,100
US1.WFC,0,12/12/16,10:01:18,56.980000000,100
US1.WFC,0,12/12/16,10:01:18,56.980000000,100
US1.WFC,0,12/12/16,10:01:18,56.980000000,100
US1.WFC,0,12/12/16,10:01:18,56.980000000,100
US1.WFC,0,12/12/16,10:01:18,56.980000000,100
US1.WFC,0,12/12/16,10:01:18,56.980000000,100
US1.WFC,0,12/12/16,10:01:18,56.980000000,100
US1.WFC,0,12/12/16,10:01:18,56.980000000,100
US1.WFC,0,12/12/16,10:01:27,56.970000000,100
US1.WFC,0,12/12/16,10:01:27,56.970000000,100
US1.WFC,0,12/12/16,10:01:27,56.970000000,100
US1.WFC,0,12/12/16,10:01:32,56.980000000,100
US1.WFC,0,12/12/16,10:01:32,56.980000000,100
US1.WFC,0,12/12/16,10:01:32,56.980000000,100
US1.WFC,0,12/12/16,10:01:32,56.980000000,100
US1.WFC,0,12/12/16,10:01:51,56.980000000,100
US1.WFC,0,12/12/16,10:01:51,56.980000000,100
US1.WFC,0,12/12/16,10:01:55,56.985000000,100
US1.WFC,0,12/12/16,10:01:55,57.000000000,167
US1.WFC,0,12/12/16,10:01:55,57.000000000,230
US1.WFC,0,12/12/16,10:01:56,57.010000000,200
US1.WFC,0,12/12/16,10:01:56,57.010000000,100
US1.WFC,0,12/12/16,10:01:56,57.010000000,100
US1.WFC,0,12/12/16,10:01:56,57.010000000,100
US1.WFC,0,12/12/16,10:02:00,57.020000000,100
US1.WFC,0,12/12/16,10:02:01,57.020000000,100
US1.WFC,0,12/12/16,10:02:01,57.020000000,100
US1.WFC,0,12/12/16,10:02:03,57.020000000,100
US1.WFC,0,12/12/16,10:02:04,57.020000000,200
US1.WFC,0,12/12/16,10:02:08,57.010000000,100
US1.WFC,0,12/12/16,10:02:08,57.010000000,100
US1.WFC,0,12/12/16,10:02:09,57.000000000,100
US1.WFC,0,12/12/16,10:02:14,56.995000000,100
US1.WFC,0,12/12/16,10:02:18,57.010000000,100
US1.WFC,0,12/12/16,10:02:19,57.020000000,100
US1.WFC,0,12/12/16,10:02:19,57.020000000,100
US1.WFC,0,12/12/16,10:02:20,57.020000000,100
US1.WFC,0,12/12/16,10:02:27,57.015000000,100
US1.WFC,0,12/12/16,10:02:27,57.020000000,200
US1.WFC,0,12/12/16,10:02:27,57.020000000,100
US1.WFC,0,12/12/16,10:02:32,57.010000000,100
US1.WFC,0,12/12/16,10:02:33,56.990000000,100
US1.WFC,0,12/12/16,10:02:33,56.990000000,100
US1.WFC,0,12/12/16,10:02:33,56.990000000,200
US1.WFC,0,12/12/16,10:02:34,57.000000000,100
US1.WFC,0,12/12/16,10:02:41,57.010000000,100
US1.WFC,0,12/12/16,10:02:41,57.010000000,100
US1.WFC,0,12/12/16,10:02:41,57.010000000,100
US1.WFC,0,12/12/16,10:02:41,57.010000000,100
US1.WFC,0,12/12/16,10:02:51,57.020000000,100
US1.WFC,0,12/12/16,10:03:03,57.030000000,100
US1.WFC,0,12/12/16,10:03:07,57.040000000,100
US1.WFC,0,12/12/16,10:03:24,57.050000000,100
US1.WFC,0,12/12/16,10:03:24,57.050000000,300
US1.WFC,0,12/12/16,10:03:52,57.080000000,100
US1.WFC,0,12/12/16,10:03:53,57.085000000,200
US1.WFC,0,12/12/16,10:03:53,57.090000000,100
US1.WFC,0,12/12/16,10:03:58,57.090000000,100
US1.WFC,0,12/12/16,10:04:01,57.085000000,100
US1.WFC,0,12/12/16,10:04:03,57.070000000,100
US1.WFC,0,12/12/16,10:04:04,57.060000000,200
US1.WFC,0,12/12/16,10:04:05,57.070000000,100
US1.WFC,0,12/12/16,10:04:06,57.080000000,100
US1.WFC,0,12/12/16,10:04:08,57.090000000,100
US1.WFC,0,12/12/16,10:04:08,57.090000000,100
US1.WFC,0,12/12/16,10:04:11,57.095000000,100
US1.WFC,0,12/12/16,10:04:11,57.090000000,100
US1.WFC,0,12/12/16,10:04:30,57.080000000,100
US1.WFC,0,12/12/16,10:04:43,57.075000000,100
US1.WFC,0,12/12/16,10:04:47,57.080000000,100
US1.WFC,0,12/12/16,10:04:48,57.070000000,100
US1.WFC,0,12/12/16,10:04:48,57.070000000,100
US1.WFC,0,12/12/16,10:04:54,57.060000000,100
US1.WFC,0,12/12/16,10:04:54,57.060000000,100
US1.WFC,0,12/12/16,10:04:54,57.060000000,100
US1.WFC,0,12/12/16,10:04:54,57.060000000,100
US1.WFC,0,12/12/16,10:04:56,57.080000000,100
US1.WFC,0,12/12/16,10:05:15,57.075000000,100
US1.WFC,0,12/12/16,10:05:15,57.070000000,100
US1.WFC,0,12/12/16,10:05:15,57.065000000,100
US1.WFC,0,12/12/16,10:05:15,57.065000000,100
US1.WFC,0,12/12/16,10:05:18,57.060000000,100
US1.WFC,0,12/12/16,10:05:18,57.060000000,200
US1.WFC,0,12/12/16,10:05:18,57.060000000,100
US1.WFC,0,12/12/16,10:05:19,57.050000000,100
US1.WFC,0,12/12/16,10:05:19,57.050000000,100
US1.WFC,0,12/12/16,10:05:23,57.020000000,100
US1.WFC,0,12/12/16,10:05:23,57.010000000,100
US1.WFC,0,12/12/16,10:05:23,57.010000000,400
US1.WFC,0,12/12/16,10:05:23,57.000000000,100
US1.WFC,0,12/12/16,10:05:23,57.000000000,100
US1.WFC,0,12/12/16,10:05:23,57.000000000,100
US1.WFC,0,12/12/16,10:05:23,57.000000000,100
US1.WFC,0,12/12/16,10:05:23,57.000000000,176
US1.WFC,0,12/12/16,10:05:23,57.000000000,100
US1.WFC,0,12/12/16,10:05:23,57.010000000,100
US1.WFC,0,12/12/16,10:05:24,57.030000000,100
US1.WFC,0,12/12/16,10:05:24,57.030000000,100
US1.WFC,0,12/12/16,10:05:24,57.030000000,100
US1.WFC,0,12/12/16,10:05:35,57.020000000,100
US1.WFC,0,12/12/16,10:05:35,57.020000000,100
US1.WFC,0,12/12/16,10:05:35,57.020000000,400
US1.WFC,0,12/12/16,10:05:35,57.020000000,100
US1.WFC,0,12/12/16,10:05:35,57.020000000,100
US1.WFC,0,12/12/16,10:05:35,57.030000000,100
US1.WFC,0,12/12/16,10:05:35,57.030000000,100
US1.WFC,0,12/12/16,10:05:35,57.030000000,100
US1.WFC,0,12/12/16,10:05:37,57.030000000,100
US1.WFC,0,12/12/16,10:05:37,57.020000000,100
US1.WFC,0,12/12/16,10:05:37,57.020000000,100
US1.WFC,0,12/12/16,10:05:37,57.020000000,100
US1.WFC,0,12/12/16,10:05:37,57.020000000,100
US1.WFC,0,12/12/16,10:05:37,57.020000000,100
US1.WFC,0,12/12/16,10:05:37,57.010000000,200
US1.WFC,0,12/12/16,10:05:37,57.010000000,100
US1.WFC,0,12/12/16,10:05:37,57.010000000,100
US1.WFC,0,12/12/16,10:05:51,57.000000000,100
US1.WFC,0,12/12/16,10:05:58,56.970000000,100
US1.WFC,0,12/12/16,10:05:58,56.970000000,100
US1.WFC,0,12/12/16,10:05:58,56.970000000,100
US1.WFC,0,12/12/16,10:06:02,56.970000000,100
US1.WFC,0,12/12/16,10:06:11,56.970000000,100
US1.WFC,0,12/12/16,10:06:11,56.970000000,200
US1.WFC,0,12/12/16,10:06:11,56.970000000,100
US1.WFC,0,12/12/16,10:06:11,56.980000000,100
US1.WFC,0,12/12/16,10:06:11,56.980000000,100
US1.WFC,0,12/12/16,10:06:11,56.990000000,100
US1.WFC,0,12/12/16,10:06:13,56.990000000,100
US1.WFC,0,12/12/16,10:06:13,56.980000000,100
US1.WFC,0,12/12/16,10:06:16,56.990000000,100
US1.WFC,0,12/12/16,10:06:16,56.990000000,100
US1.WFC,0,12/12/16,10:06:16,56.990000000,100
US1.WFC,0,12/12/16,10:06:16,56.990000000,100
US1.WFC,0,12/12/16,10:06:16,56.990000000,100
US1.WFC,0,12/12/16,10:06:24,56.990000000,100
US1.WFC,0,12/12/16,10:06:24,56.990000000,100
US1.WFC,0,12/12/16,10:06:24,56.980000000,100
US1.WFC,0,12/12/16,10:06:24,56.980000000,100
US1.WFC,0,12/12/16,10:06:24,56.980000000,110
US1.WFC,0,12/12/16,10:06:24,56.980000000,100
US1.WFC,0,12/12/16,10:06:29,56.970000000,100
US1.WFC,0,12/12/16,10:06:30,56.960000000,100
US1.WFC,0,12/12/16,10:06:30,56.950000000,100
US1.WFC,0,12/12/16,10:06:41,56.955000000,400
US1.WFC,0,12/12/16,10:06:41,56.960000000,100
US1.WFC,0,12/12/16,10:06:41,56.960000000,200
US1.WFC,0,12/12/16,10:06:41,56.960000000,100
US1.WFC,0,12/12/16,10:06:41,56.960000000,100
US1.WFC,0,12/12/16,10:06:41,56.960000000,200
US1.WFC,0,12/12/16,10:06:41,56.960000000,200
US1.WFC,0,12/12/16,10:06:41,56.965000000,100
US1.WFC,0,12/12/16,10:06:44,56.970000000,100
US1.WFC,0,12/12/16,10:06:44,56.970000000,100
US1.WFC,0,12/12/16,10:06:50,56.980000000,100
US1.WFC,0,12/12/16,10:06:50,56.980000000,100
US1.WFC,0,12/12/16,10:06:52,56.980000000,100
US1.WFC,0,12/12/16,10:06:52,56.980000000,100
US1.WFC,0,12/12/16,10:07:05,56.990000000,100
US1.WFC,0,12/12/16,10:07:05,56.990000000,100
US1.WFC,0,12/12/16,10:07:05,57.000000000,100
US1.WFC,0,12/12/16,10:07:07,57.010000000,100
US1.WFC,0,12/12/16,10:07:07,57.010000000,100
US1.WFC,0,12/12/16,10:07:12,57.000000000,100
US1.WFC,0,12/12/16,10:07:12,57.000000000,100
US1.WFC,0,12/12/16,10:07:21,56.970000000,100
US1.WFC,0,12/12/16,10:07:23,56.960000000,100
US1.WFC,0,12/12/16,10:07:23,56.960000000,100
US1.WFC,0,12/12/16,10:07:34,56.960000000,100
US1.WFC,0,12/12/16,10:07:35,56.960000000,100
US1.WFC,0,12/12/16,10:07:35,56.960000000,100
US1.WFC,0,12/12/16,10:07:35,56.960000000,100
US1.WFC,0,12/12/16,10:07:35,56.960000000,200
US1.WFC,0,12/12/16,10:07:40,56.950000000,100
US1.WFC,0,12/12/16,10:07:42,56.930000000,100
US1.WFC,0,12/12/16,10:07:42,56.920000000,100
US1.WFC,0,12/12/16,10:07:42,56.920000000,100
US1.WFC,0,12/12/16,10:07:45,56.920000000,100
US1.WFC,0,12/12/16,10:07:45,56.920000000,100
US1.WFC,0,12/12/16,10:07:45,56.920000000,100
US1.WFC,0,12/12/16,10:08:02,56.910000000,100
US1.WFC,0,12/12/16,10:08:02,56.910000000,100
US1.WFC,0,12/12/16,10:08:02,56.910000000,100
US1.WFC,0,12/12/16,10:08:02,56.910000000,100
US1.WFC,0,12/12/16,10:08:02,56.910000000,100
US1.WFC,0,12/12/16,10:08:02,56.910000000,100
US1.WFC,0,12/12/16,10:08:02,56.910000000,100
US1.WFC,0,12/12/16,10:08:03,56.910000000,100
US1.WFC,0,12/12/16,10:08:03,56.910000000,100
US1.WFC,0,12/12/16,10:08:03,56.910000000,100
US1.WFC,0,12/12/16,10:08:03,56.910000000,100
US1.WFC,0,12/12/16,10:08:03,56.910000000,100
US1.WFC,0,12/12/16,10:08:03,56.910000000,100
US1.WFC,0,12/12/16,10:08:03,56.910000000,100
US1.WFC,0,12/12/16,10:08:05,56.910000000,100
US1.WFC,0,12/12/16,10:08:08,56.910000000,100
US1.WFC,0,12/12/16,10:08:08,56.910000000,100
US1.WFC,0,12/12/16,10:08:08,56.910000000,100
US1.WFC,0,12/12/16,10:08:08,56.910000000,200
US1.WFC,0,12/12/16,10:08:08,56.910000000,100
US1.WFC,0,12/12/16,10:08:08,56.910000000,100
US1.WFC,0,12/12/16,10:08:08,56.910000000,300
US1.WFC,0,12/12/16,10:08:08,56.910000000,100
US1.WFC,0,12/12/16,10:08:08,56.910000000,100
US1.WFC,0,12/12/16,10:08:08,56.910000000,100
US1.WFC,0,12/12/16,10:08:08,56.910000000,100
US1.WFC,0,12/12/16,10:08:08,56.910000000,100
US1.WFC,0,12/12/16,10:08:09,56.910000000,100
US1.WFC,0,12/12/16,10:08:10,56.910000000,100
US1.WFC,0,12/12/16,10:08:10,56.910000000,400
US1.WFC,0,12/12/16,10:08:12,56.910000000,100
US1.WFC,0,12/12/16,10:08:13,56.910000000,100
US1.WFC,0,12/12/16,10:08:13,56.910000000,200
US1.WFC,0,12/12/16,10:08:14,56.910000000,100
US1.WFC,0,12/12/16,10:08:14,56.910000000,100
US1.WFC,0,12/12/16,10:08:14,56.910000000,100
US1.WFC,0,12/12/16,10:08:14,56.910000000,100
US1.WFC,0,12/12/16,10:08:14,56.910000000,100
US1.WFC,0,12/12/16,10:08:14,56.910000000,100
US1.WFC,0,12/12/16,10:08:14,56.910000000,100
US1.WFC,0,12/12/16,10:08:14,56.910000000,100
US1.WFC,0,12/12/16,10:08:14,56.910000000,100
US1.WFC,0,12/12/16,10:08:15,56.910000000,100
US1.WFC,0,12/12/16,10:08:20,56.910000000,100
US1.WFC,0,12/12/16,10:08:20,56.910000000,100
US1.WFC,0,12/12/16,10:08:20,56.910000000,100
US1.WFC,0,12/12/16,10:08:20,56.910000000,100
US1.WFC,0,12/12/16,10:08:20,56.910000000,100
US1.WFC,0,12/12/16,10:08:21,56.910000000,100
US1.WFC,0,12/12/16,10:08:21,56.910000000,100
US1.WFC,0,12/12/16,10:08:21,56.910000000,100
US1.WFC,0,12/12/16,10:08:21,56.910000000,100
US1.WFC,0,12/12/16,10:08:22,56.910000000,100
US1.WFC,0,12/12/16,10:08:22,56.910000000,100
US1.WFC,0,12/12/16,10:08:22,56.910000000,100
US1.WFC,0,12/12/16,10:08:22,56.910000000,100
US1.WFC,0,12/12/16,10:08:24,56.910000000,100
US1.WFC,0,12/12/16,10:08:26,56.910000000,100
US1.WFC,0,12/12/16,10:08:26,56.920000000,100
US1.WFC,0,12/12/16,10:08:26,56.920000000,300
US1.WFC,0,12/12/16,10:08:26,56.920000000,100
US1.WFC,0,12/12/16,10:08:26,56.920000000,100
US1.WFC,0,12/12/16,10:08:26,56.920000000,100
US1.WFC,0,12/12/16,10:08:28,56.930000000,100
US1.WFC,0,12/12/16,10:08:28,56.930000000,100
US1.WFC,0,12/12/16,10:08:28,56.930000000,100
US1.WFC,0,12/12/16,10:08:28,56.940000000,100
US1.WFC,0,12/12/16,10:08:31,56.940000000,100
US1.WFC,0,12/12/16,10:08:31,56.940000000,100
US1.WFC,0,12/12/16,10:08:32,56.940000000,100
US1.WFC,0,12/12/16,10:08:32,56.940000000,100
US1.WFC,0,12/12/16,10:08:32,56.940000000,100
US1.WFC,0,12/12/16,10:08:40,56.950000000,100
US1.WFC,0,12/12/16,10:08:40,56.950000000,100
US1.WFC,0,12/12/16,10:08:40,56.950000000,100
US1.WFC,0,12/12/16,10:08:40,56.950000000,100
US1.WFC,0,12/12/16,10:08:40,56.950000000,100
US1.WFC,0,12/12/16,10:08:45,56.950000000,100
US1.WFC,0,12/12/16,10:08:45,56.950000000,223
US1.WFC,0,12/12/16,10:08:45,56.950000000,100
US1.WFC,0,12/12/16,10:08:45,56.950000000,1075
US1.WFC,0,12/12/16,10:08:45,56.950000000,100
US1.WFC,0,12/12/16,10:08:45,56.950000000,100
US1.WFC,0,12/12/16,10:08:45,56.950000000,100
US1.WFC,0,12/12/16,10:08:47,56.950000000,100
US1.WFC,0,12/12/16,10:08:47,56.950000000,100
US1.WFC,0,12/12/16,10:08:47,56.950000000,100
US1.WFC,0,12/12/16,10:08:47,56.950000000,100
US1.WFC,0,12/12/16,10:08:47,56.950000000,100
US1.WFC,0,12/12/16,10:08:56,56.930000000,100
US1.WFC,0,12/12/16,10:08:56,56.930000000,100
US1.WFC,0,12/12/16,10:08:56,56.930000000,100
US1.WFC,0,12/12/16,10:08:56,56.930000000,100
US1.WFC,0,12/12/16,10:08:56,56.930000000,100
US1.WFC,0,12/12/16,10:08:56,56.930000000,100
US1.WFC,0,12/12/16,10:08:56,56.930000000,100
US1.WFC,0,12/12/16,10:08:56,56.930000000,100
US1.WFC,0,12/12/16,10:09:15,56.910000000,100
US1.WFC,0,12/12/16,10:09:15,56.910000000,100
US1.WFC,0,12/12/16,10:09:15,56.910000000,100
US1.WFC,0,12/12/16,10:09:15,56.910000000,100
US1.WFC,0,12/12/16,10:09:15,56.910000000,100
US1.WFC,0,12/12/16,10:09:16,56.910000000,100
US1.WFC,0,12/12/16,10:09:16,56.910000000,100
US1.WFC,0,12/12/16,10:09:16,56.910000000,100
US1.WFC,0,12/12/16,10:09:16,56.910000000,2727
US1.WFC,0,12/12/16,10:09:17,56.900000000,100
US1.WFC,0,12/12/16,10:09:35,56.900000000,100
US1.WFC,0,12/12/16,10:09:35,56.900000000,100
US1.WFC,0,12/12/16,10:09:35,56.890000000,300
US1.WFC,0,12/12/16,10:09:35,56.890000000,100
US1.WFC,0,12/12/16,10:09:35,56.890000000,100
US1.WFC,0,12/12/16,10:09:35,56.890000000,200
US1.WFC,0,12/12/16,10:09:35,56.890000000,100
US1.WFC,0,12/12/16,10:09:35,56.890000000,100
US1.WFC,0,12/12/16,10:09:35,56.890000000,100
US1.WFC,0,12/12/16,10:09:35,56.890000000,100
US1.WFC,0,12/12/16,10:09:35,56.890000000,100
US1.WFC,0,12/12/16,10:09:35,56.890000000,100
US1.WFC,0,12/12/16,10:09:35,56.890000000,100
US1.WFC,0,12/12/16,10:09:35,56.890000000,238
US1.WFC,0,12/12/16,10:09:35,56.890000000,100
US1.WFC,0,12/12/16,10:09:35,56.890000000,400
US1.WFC,0,12/12/16,10:09:35,56.890000000,100
US1.WFC,0,12/12/16,10:09:35,56.890000000,100
US1.WFC,0,12/12/16,10:09:43,56.890000000,360
US1.WFC,0,12/12/16,10:09:43,56.890000000,100
US1.WFC,0,12/12/16,10:09:43,56.890000000,100
US1.WFC,0,12/12/16,10:09:45,56.880000000,100
US1.WFC,0,12/12/16,10:09:46,56.875000000,100
US1.WFC,0,12/12/16,10:09:54,56.880000000,100
US1.WFC,0,12/12/16,10:09:54,56.880000000,100
US1.WFC,0,12/12/16,10:09:54,56.880000000,200
US1.WFC,0,12/12/16,10:09:54,56.880000000,100
US1.WFC,0,12/12/16,10:09:54,56.880000000,100
US1.WFC,0,12/12/16,10:09:54,56.880000000,100
US1.WFC,0,12/12/16,10:09:54,56.880000000,100
US1.WFC,0,12/12/16,10:09:54,56.880000000,100
US1.WFC,0,12/12/16,10:09:54,56.880000000,100
US1.WFC,0,12/12/16,10:09:54,56.880000000,100
US1.WFC,0,12/12/16,10:09:54,56.880000000,100
US1.WFC,0,12/12/16,10:09:54,56.880000000,100
US1.WFC,0,12/12/16,10:09:54,56.880000000,100
US1.WFC,0,12/12/16,10:09:54,56.880000000,100
US1.WFC,0,12/12/16,10:09:54,56.880000000,100
US1.WFC,0,12/12/16,10:09:54,56.880000000,100
US1.WFC,0,12/12/16,10:10:06,56.880000000,100
US1.WFC,0,12/12/16,10:10:06,56.880000000,100
US1.WFC,0,12/12/16,10:10:06,56.880000000,100
US1.WFC,0,12/12/16,10:10:09,56.870000000,100
US1.WFC,0,12/12/16,10:10:09,56.870000000,100
US1.WFC,0,12/12/16,10:10:10,56.870000000,100
US1.WFC,0,12/12/16,10:10:10,56.870000000,200
US1.WFC,0,12/12/16,10:10:10,56.870000000,100
US1.WFC,0,12/12/16,10:10:10,56.870000000,100
US1.WFC,0,12/12/16,10:10:14,56.860000000,100
US1.WFC,0,12/12/16,10:10:14,56.860000000,100
US1.WFC,0,12/12/16,10:10:14,56.870000000,100
US1.WFC,0,12/12/16,10:10:14,56.870000000,100
US1.WFC,0,12/12/16,10:10:14,56.870000000,100
US1.WFC,0,12/12/16,10:10:25,56.870000000,100
US1.WFC,0,12/12/16,10:10:25,56.870000000,100
US1.WFC,0,12/12/16,10:10:25,56.870000000,100
US1.WFC,0,12/12/16,10:10:32,56.860000000,100
US1.WFC,0,12/12/16,10:10:33,56.860000000,100
US1.WFC,0,12/12/16,10:10:33,56.860000000,100
US1.WFC,0,12/12/16,10:10:42,56.850000000,100
US1.WFC,0,12/12/16,10:10:50,56.840000000,100
US1.WFC,0,12/12/16,10:10:50,56.840000000,100
US1.WFC,0,12/12/16,10:10:50,56.840000000,100
US1.WFC,0,12/12/16,10:10:50,56.840000000,100
US1.WFC,0,12/12/16,10:10:50,56.840000000,100
US1.WFC,0,12/12/16,10:10:50,56.830000000,100
US1.WFC,0,12/12/16,10:10:50,56.830000000,100
US1.WFC,0,12/12/16,10:10:50,56.830000000,100
US1.WFC,0,12/12/16,10:10:50,56.830000000,100
US1.WFC,0,12/12/16,10:10:50,56.830000000,100
US1.WFC,0,12/12/16,10:10:50,56.830000000,100
US1.WFC,0,12/12/16,10:10:50,56.830000000,100
US1.WFC,0,12/12/16,10:10:50,56.830000000,200
US1.WFC,0,12/12/16,10:10:50,56.830000000,100
US1.WFC,0,12/12/16,10:10:50,56.840000000,100
US1.WFC,0,12/12/16,10:10:50,56.840000000,100
US1.WFC,0,12/12/16,10:10:50,56.840000000,100
US1.WFC,0,12/12/16,10:10:50,56.840000000,100
US1.WFC,0,12/12/16,10:10:50,56.840000000,100
US1.WFC,0,12/12/16,10:10:50,56.840000000,100
US1.WFC,0,12/12/16,10:10:50,56.840000000,200
US1.WFC,0,12/12/16,10:10:50,56.840000000,100
US1.WFC,0,12/12/16,10:10:50,56.840000000,100
US1.WFC,0,12/12/16,10:10:55,56.840000000,100
US1.WFC,0,12/12/16,10:10:55,56.840000000,200
US1.WFC,0,12/12/16,10:10:55,56.840000000,100
US1.WFC,0,12/12/16,10:10:55,56.840000000,100
US1.WFC,0,12/12/16,10:10:55,56.840000000,100
US1.WFC,0,12/12/16,10:10:55,56.840000000,100
US1.WFC,0,12/12/16,10:10:55,56.840000000,100
US1.WFC,0,12/12/16,10:10:55,56.840000000,100
US1.WFC,0,12/12/16,10:10:55,56.840000000,100
US1.WFC,0,12/12/16,10:10:55,56.840000000,100
US1.WFC,0,12/12/16,10:10:55,56.840000000,100
US1.WFC,0,12/12/16,10:10:55,56.840000000,100
US1.WFC,0,12/12/16,10:10:55,56.840000000,300
US1.WFC,0,12/12/16,10:10:55,56.840000000,200
US1.WFC,0,12/12/16,10:10:55,56.840000000,100
US1.WFC,0,12/12/16,10:10:55,56.840000000,100
US1.WFC,0,12/12/16,10:10:55,56.840000000,100
US1.WFC,0,12/12/16,10:10:55,56.840000000,100
US1.WFC,0,12/12/16,10:10:55,56.840000000,100
US1.WFC,0,12/12/16,10:10:55,56.840000000,200
US1.WFC,0,12/12/16,10:10:55,56.840000000,100
US1.WFC,0,12/12/16,10:10:55,56.840000000,100
US1.WFC,0,12/12/16,10:10:55,56.840000000,200
US1.WFC,0,12/12/16,10:10:55,56.840000000,100
US1.WFC,0,12/12/16,10:10:55,56.840000000,100
US1.WFC,0,12/12/16,10:10:55,56.840000000,100
US1.WFC,0,12/12/16,10:10:55,56.840000000,100
US1.WFC,0,12/12/16,10:10:55,56.840000000,100
US1.WFC,0,12/12/16,10:11:10,56.840000000,100
US1.WFC,0,12/12/16,10:11:10,56.840000000,100
US1.WFC,0,12/12/16,10:11:10,56.840000000,100
US1.WFC,0,12/12/16,10:11:10,56.840000000,100
US1.WFC,0,12/12/16,10:11:10,56.840000000,100
US1.WFC,0,12/12/16,10:11:10,56.840000000,200
US1.WFC,0,12/12/16,10:11:10,56.840000000,100
US1.WFC,0,12/12/16,10:11:10,56.845000000,100
US1.WFC,0,12/12/16,10:11:10,56.845000000,100
US1.WFC,0,12/12/16,10:11:10,56.840000000,200
US1.WFC,0,12/12/16,10:11:10,56.840000000,100
US1.WFC,0,12/12/16,10:11:10,56.840000000,100
US1.WFC,0,12/12/16,10:11:10,56.840000000,200
US1.WFC,0,12/12/16,10:11:10,56.840000000,200
US1.WFC,0,12/12/16,10:11:10,56.840000000,100
US1.WFC,0,12/12/16,10:11:14,56.845000000,100
US1.WFC,0,12/12/16,10:11:14,56.850000000,100
US1.WFC,0,12/12/16,10:11:14,56.850000000,100
US1.WFC,0,12/12/16,10:11:22,56.830000000,100
US1.WFC,0,12/12/16,10:11:22,56.830000000,100
US1.WFC,0,12/12/16,10:11:23,56.830000000,100
US1.WFC,0,12/12/16,10:11:24,56.830000000,100
US1.WFC,0,12/12/16,10:11:28,56.820000000,100
US1.WFC,0,12/12/16,10:11:30,56.820000000,100
US1.WFC,0,12/12/16,10:11:40,56.820000000,100
US1.WFC,0,12/12/16,10:11:40,56.820000000,100
US1.WFC,0,12/12/16,10:11:40,56.820000000,100
US1.WFC,0,12/12/16,10:11:40,56.820000000,100
US1.WFC,0,12/12/16,10:11:41,56.820000000,100
US1.WFC,0,12/12/16,10:11:41,56.820000000,100
US1.WFC,0,12/12/16,10:11:50,56.815000000,100
US1.WFC,0,12/12/16,10:11:56,56.815000000,200
US1.WFC,0,12/12/16,10:11:56,56.820000000,100
US1.WFC,0,12/12/16,10:11:56,56.820000000,100
US1.WFC,0,12/12/16,10:11:56,56.820000000,100
US1.WFC,0,12/12/16,10:11:56,56.820000000,100
US1.WFC,0,12/12/16,10:11:56,56.820000000,100
US1.WFC,0,12/12/16,10:11:56,56.820000000,100
US1.WFC,0,12/12/16,10:11:57,56.820000000,100
US1.WFC,0,12/12/16,10:11:57,56.810000000,100
US1.WFC,0,12/12/16,10:12:03,56.800000000,100
US1.WFC,0,12/12/16,10:12:23,56.795000000,200
US1.WFC,0,12/12/16,10:12:23,56.800000000,100
US1.WFC,0,12/12/16,10:12:23,56.800000000,300
US1.WFC,0,12/12/16,10:12:23,56.800000000,100
US1.WFC,0,12/12/16,10:12:23,56.800000000,100
US1.WFC,0,12/12/16,10:12:28,56.805000000,160
US1.WFC,0,12/12/16,10:12:33,56.800000000,100
US1.WFC,0,12/12/16,10:12:33,56.800000000,200
US1.WFC,0,12/12/16,10:12:33,56.800000000,100
US1.WFC,0,12/12/16,10:12:33,56.790000000,100
US1.WFC,0,12/12/16,10:12:33,56.790000000,100
US1.WFC,0,12/12/16,10:12:33,56.790000000,100
US1.WFC,0,12/12/16,10:12:33,56.790000000,100
US1.WFC,0,12/12/16,10:12:33,56.790000000,200
US1.WFC,0,12/12/16,10:12:33,56.790000000,100
US1.WFC,0,12/12/16,10:12:33,56.790000000,100
US1.WFC,0,12/12/16,10:12:47,56.790000000,200
US1.WFC,0,12/12/16,10:12:47,56.790000000,100
US1.WFC,0,12/12/16,10:12:47,56.790000000,100
US1.WFC,0,12/12/16,10:12:49,56.800000000,100
US1.WFC,0,12/12/16,10:12:49,56.800000000,100
US1.WFC,0,12/12/16,10:12:49,56.800000000,100
US1.WFC,0,12/12/16,10:12:49,56.800000000,100
US1.WFC,0,12/12/16,10:12:49,56.800000000,200
US1.WFC,0,12/12/16,10:12:49,56.810000000,100
US1.WFC,0,12/12/16,10:13:04,56.780000000,100
US1.WFC,0,12/12/16,10:13:04,56.780000000,100
US1.WFC,0,12/12/16,10:13:04,56.780000000,100
US1.WFC,0,12/12/16,10:13:12,56.780000000,100
US1.WFC,0,12/12/16,10:13:12,56.780000000,100
US1.WFC,0,12/12/16,10:13:12,56.780000000,100
US1.WFC,0,12/12/16,10:13:12,56.780000000,100
US1.WFC,0,12/12/16,10:13:13,56.790000000,100
US1.WFC,0,12/12/16,10:13:13,56.790000000,100
US1.WFC,0,12/12/16,10:13:13,56.790000000,100
US1.WFC,0,12/12/16,10:13:13,56.790000000,200
US1.WFC,0,12/12/16,10:13:14,56.790000000,100
US1.WFC,0,12/12/16,10:13:19,56.790000000,100
US1.WFC,0,12/12/16,10:13:19,56.780000000,100
US1.WFC,0,12/12/16,10:13:19,56.780000000,100
US1.WFC,0,12/12/16,10:13:19,56.780000000,100
US1.WFC,0,12/12/16,10:13:19,56.780000000,100
US1.WFC,0,12/12/16,10:13:19,56.780000000,100
US1.WFC,0,12/12/16,10:13:19,56.780000000,100
US1.WFC,0,12/12/16,10:13:19,56.780000000,255
US1.WFC,0,12/12/16,10:13:19,56.780000000,300
US1.WFC,0,12/12/16,10:13:19,56.770000000,100
US1.WFC,0,12/12/16,10:13:19,56.770000000,100
US1.WFC,0,12/12/16,10:13:19,56.770000000,100
US1.WFC,0,12/12/16,10:13:19,56.770000000,300
US1.WFC,0,12/12/16,10:13:19,56.770000000,100
US1.WFC,0,12/12/16,10:13:19,56.770000000,100
US1.WFC,0,12/12/16,10:13:22,56.780000000,100
US1.WFC,0,12/12/16,10:13:22,56.780000000,100
US1.WFC,0,12/12/16,10:13:22,56.780000000,100
US1.WFC,0,12/12/16,10:13:22,56.790000000,100
US1.WFC,0,12/12/16,10:13:28,56.780000000,100
US1.WFC,0,12/12/16,10:13:28,56.780000000,100
US1.WFC,0,12/12/16,10:13:28,56.780000000,100
US1.WFC,0,12/12/16,10:13:28,56.780000000,100
US1.WFC,0,12/12/16,10:13:28,56.780000000,100
US1.WFC,0,12/12/16,10:13:28,56.780000000,140
US1.WFC,0,12/12/16,10:13:33,56.780000000,100
US1.WFC,0,12/12/16,10:13:38,56.790000000,100
US1.WFC,0,12/12/16,10:14:30,56.790000000,100
US1.WFC,0,12/12/16,10:14:32,56.780000000,100
US1.WFC,0,12/12/16,10:14:32,56.780000000,200
US1.WFC,0,12/12/16,10:14:32,56.780000000,100
US1.WFC,0,12/12/16,10:14:32,56.780000000,100
US1.WFC,0,12/12/16,10:14:32,56.770000000,100
US1.WFC,0,12/12/16,10:14:32,56.770000000,100
US1.WFC,0,12/12/16,10:14:32,56.770000000,100
US1.WFC,0,12/12/16,10:14:32,56.770000000,100
US1.WFC,0,12/12/16,10:14:32,56.770000000,100
US1.WFC,0,12/12/16,10:14:32,56.770000000,100
US1.WFC,0,12/12/16,10:14:32,56.770000000,100
US1.WFC,0,12/12/16,10:14:32,56.770000000,100
US1.WFC,0,12/12/16,10:14:32,56.770000000,100
US1.WFC,0,12/12/16,10:14:32,56.770000000,100
US1.WFC,0,12/12/16,10:14:32,56.770000000,100
US1.WFC,0,12/12/16,10:14:32,56.770000000,100
US1.WFC,0,12/12/16,10:14:33,56.770000000,100
US1.WFC,0,12/12/16,10:14:33,56.760000000,400
US1.WFC,0,12/12/16,10:14:33,56.760000000,100
US1.WFC,0,12/12/16,10:14:33,56.760000000,100
US1.WFC,0,12/12/16,10:14:33,56.750000000,400
US1.WFC,0,12/12/16,10:14:33,56.750000000,100
US1.WFC,0,12/12/16,10:14:33,56.750000000,157
US1.WFC,0,12/12/16,10:14:37,56.740000000,100
US1.WFC,0,12/12/16,10:14:37,56.740000000,100
US1.WFC,0,12/12/16,10:14:44,56.740000000,100
US1.WFC,0,12/12/16,10:14:55,56.740000000,100
US1.WFC,0,12/12/16,10:14:55,56.740000000,100
US1.WFC,0,12/12/16,10:14:55,56.740000000,200
US1.WFC,0,12/12/16,10:14:55,56.740000000,100
US1.WFC,0,12/12/16,10:14:55,56.740000000,100
US1.WFC,0,12/12/16,10:14:55,56.740000000,100
US1.WFC,0,12/12/16,10:14:55,56.740000000,501
US1.WFC,0,12/12/16,10:14:55,56.740000000,201
US1.WFC,0,12/12/16,10:14:55,56.740000000,200
US1.WFC,0,12/12/16,10:14:56,56.740000000,100
US1.WFC,0,12/12/16,10:14:56,56.740000000,100
US1.WFC,0,12/12/16,10:14:56,56.740000000,100
US1.WFC,0,12/12/16,10:15:00,56.740000000,100
US1.WFC,0,12/12/16,10:15:00,56.740000000,100
US1.WFC,0,12/12/16,10:15:00,56.740000000,100
US1.WFC,0,12/12/16,10:15:00,56.740000000,200
US1.WFC,0,12/12/16,10:15:00,56.740000000,100
US1.WFC,0,12/12/16,10:15:00,56.740000000,200
US1.WFC,0,12/12/16,10:15:00,56.740000000,100
US1.WFC,0,12/12/16,10:15:00,56.740000000,300
US1.WFC,0,12/12/16,10:15:09,56.740000000,100
US1.WFC,0,12/12/16,10:15:09,56.740000000,100
US1.WFC,0,12/12/16,10:15:12,56.730000000,100
US1.WFC,0,12/12/16,10:15:12,56.730000000,300
US1.WFC,0,12/12/16,10:15:15,56.730000000,100
US1.WFC,0,12/12/16,10:15:15,56.730000000,200
US1.WFC,0,12/12/16,10:15:15,56.730000000,100
US1.WFC,0,12/12/16,10:15:15,56.730000000,100
US1.WFC,0,12/12/16,10:15:23,56.730000000,100
US1.WFC,0,12/12/16,10:15:23,56.730000000,100
US1.WFC,0,12/12/16,10:15:29,56.720000000,100
US1.WFC,0,12/12/16,10:15:29,56.720000000,100
US1.WFC,0,12/12/16,10:15:29,56.720000000,100
US1.WFC,0,12/12/16,10:15:29,56.710000000,100
US1.WFC,0,12/12/16,10:15:29,56.715000000,100
US1.WFC,0,12/12/16,10:15:29,56.715000000,100
US1.WFC,0,12/12/16,10:15:30,56.720000000,100
US1.WFC,0,12/12/16,10:15:30,56.720000000,400
US1.WFC,0,12/12/16,10:15:31,56.710000000,100
US1.WFC,0,12/12/16,10:15:31,56.710000000,100
US1.WFC,0,12/12/16,10:15:32,56.710000000,100
US1.WFC,0,12/12/16,10:15:35,56.700000000,102
US1.WFC,0,12/12/16,10:15:50,56.710000000,200
US1.WFC,0,12/12/16,10:15:50,56.710000000,100
US1.WFC,0,12/12/16,10:15:50,56.710000000,100
US1.WFC,0,12/12/16,10:15:50,56.710000000,100
US1.WFC,0,12/12/16,10:16:02,56.700000000,700
US1.WFC,0,12/12/16,10:16:02,56.700000000,100
US1.WFC,0,12/12/16,10:16:02,56.690000000,700
US1.WFC,0,12/12/16,10:16:02,56.690000000,600
US1.WFC,0,12/12/16,10:16:02,56.700000000,100
US1.WFC,0,12/12/16,10:16:02,56.700000000,100
US1.WFC,0,12/12/16,10:16:02,56.700000000,100
US1.WFC,0,12/12/16,10:16:10,56.690000000,100
US1.WFC,0,12/12/16,10:16:15,56.690000000,100
US1.WFC,0,12/12/16,10:16:21,56.680000000,100
US1.WFC,0,12/12/16,10:16:21,56.680000000,100
US1.WFC,0,12/12/16,10:16:21,56.680000000,100
US1.WFC,0,12/12/16,10:16:25,56.670000000,100
US1.WFC,0,12/12/16,10:16:25,56.670000000,100
US1.WFC,0,12/12/16,10:16:25,56.670000000,100
US1.WFC,0,12/12/16,10:16:26,56.670000000,100
US1.WFC,0,12/12/16,10:16:26,56.670000000,100
US1.WFC,0,12/12/16,10:16:26,56.670000000,100
US1.WFC,0,12/12/16,10:16:26,56.670000000,100
US1.WFC,0,12/12/16,10:16:37,56.670000000,100
US1.WFC,0,12/12/16,10:16:37,56.670000000,100
US1.WFC,0,12/12/16,10:16:37,56.660000000,100
US1.WFC,0,12/12/16,10:16:37,56.660000000,100
US1.WFC,0,12/12/16,10:16:47,56.650000000,100
US1.WFC,0,12/12/16,10:16:47,56.650000000,100
US1.WFC,0,12/12/16,10:16:47,56.650000000,200
US1.WFC,0,12/12/16,10:16:47,56.650000000,100
US1.WFC,0,12/12/16,10:16:47,56.650000000,100
US1.WFC,0,12/12/16,10:16:47,56.650000000,100
US1.WFC,0,12/12/16,10:16:49,56.640000000,100
US1.WFC,0,12/12/16,10:16:49,56.630000000,100
US1.WFC,0,12/12/16,10:16:49,56.630000000,177
US1.WFC,0,12/12/16,10:16:49,56.630000000,100
US1.WFC,0,12/12/16,10:16:58,56.615000000,200
US1.WFC,0,12/12/16,10:16:58,56.615000000,400
US1.WFC,0,12/12/16,10:16:58,56.620000000,100
US1.WFC,0,12/12/16,10:16:58,56.620000000,200
US1.WFC,0,12/12/16,10:16:58,56.620000000,300
US1.WFC,0,12/12/16,10:16:58,56.620000000,200
US1.WFC,0,12/12/16,10:16:58,56.620000000,100
US1.WFC,0,12/12/16,10:16:58,56.620000000,100
US1.WFC,0,12/12/16,10:16:58,56.620000000,200
US1.WFC,0,12/12/16,10:17:01,56.625000000,200
US1.WFC,0,12/12/16,10:17:01,56.630000000,100
US1.WFC,0,12/12/16,10:17:01,56.630000000,100
US1.WFC,0,12/12/16,10:17:01,56.630000000,100
US1.WFC,0,12/12/16,10:17:01,56.630000000,200
US1.WFC,0,12/12/16,10:17:01,56.630000000,100
US1.WFC,0,12/12/16,10:17:01,56.630000000,100
US1.WFC,0,12/12/16,10:17:01,56.630000000,100
US1.WFC,0,12/12/16,10:17:01,56.630000000,400
US1.WFC,0,12/12/16,10:17:01,56.630000000,200
US1.WFC,0,12/12/16,10:17:01,56.630000000,100
US1.WFC,0,12/12/16,10:17:01,56.630000000,100
US1.WFC,0,12/12/16,10:17:01,56.630000000,300
US1.WFC,0,12/12/16,10:17:01,56.630000000,200
US1.WFC,0,12/12/16,10:17:01,56.635000000,100
US1.WFC,0,12/12/16,10:17:02,56.635000000,177
US1.WFC,0,12/12/16,10:17:02,56.630000000,200
US1.WFC,0,12/12/16,10:17:02,56.630000000,100
US1.WFC,0,12/12/16,10:17:02,56.630000000,100
US1.WFC,0,12/12/16,10:17:02,56.630000000,100
US1.WFC,0,12/12/16,10:17:05,56.620000000,100
US1.WFC,0,12/12/16,10:17:05,56.620000000,100
US1.WFC,0,12/12/16,10:17:05,56.620000000,100
US1.WFC,0,12/12/16,10:17:06,56.630000000,100
US1.WFC,0,12/12/16,10:17:06,56.630000000,100
US1.WFC,0,12/12/16,10:17:12,56.640000000,100
US1.WFC,0,12/12/16,10:17:12,56.640000000,100
US1.WFC,0,12/12/16,10:17:12,56.640000000,100
US1.WFC,0,12/12/16,10:17:12,56.645000000,100
US1.WFC,0,12/12/16,10:17:17,56.650000000,100
US1.WFC,0,12/12/16,10:17:17,56.650000000,100
US1.WFC,0,12/12/16,10:17:17,56.650000000,100
US1.WFC,0,12/12/16,10:17:17,56.650000000,100
US1.WFC,0,12/12/16,10:17:17,56.650000000,100
US1.WFC,0,12/12/16,10:17:25,56.660000000,100
US1.WFC,0,12/12/16,10:17:27,56.660000000,100
US1.WFC,0,12/12/16,10:17:27,56.660000000,100
US1.WFC,0,12/12/16,10:17:28,56.660000000,100
US1.WFC,0,12/12/16,10:17:28,56.660000000,100
US1.WFC,0,12/12/16,10:17:34,56.670000000,100
US1.WFC,0,12/12/16,10:17:34,56.670000000,100
US1.WFC,0,12/12/16,10:17:42,56.675000000,200
US1.WFC,0,12/12/16,10:17:44,56.680000000,100
US1.WFC,0,12/12/16,10:17:44,56.680000000,100
US1.WFC,0,12/12/16,10:17:44,56.680000000,100
US1.WFC,0,12/12/16,10:17:52,56.685000000,200
US1.WFC,0,12/12/16,10:17:52,56.685000000,100
US1.WFC,0,12/12/16,10:17:52,56.685000000,172
US1.WFC,0,12/12/16,10:17:52,56.685000000,128
US1.WFC,0,12/12/16,10:17:52,56.680000000,101
US1.WFC,0,12/12/16,10:17:53,56.680000000,171
US1.WFC,0,12/12/16,10:17:55,56.680000000,100
US1.WFC,0,12/12/16,10:17:55,56.680000000,100
US1.WFC,0,12/12/16,10:17:58,56.680000000,100
US1.WFC,0,12/12/16,10:17:58,56.680000000,100
US1.WFC,0,12/12/16,10:17:58,56.680000000,100
US1.WFC,0,12/12/16,10:18:08,56.680000000,200
US1.WFC,0,12/12/16,10:18:08,56.680000000,100
US1.WFC,0,12/12/16,10:18:08,56.680000000,100
US1.WFC,0,12/12/16,10:18:08,56.680000000,100
US1.WFC,0,12/12/16,10:18:08,56.680000000,200
US1.WFC,0,12/12/16,10:18:08,56.680000000,200
US1.WFC,0,12/12/16,10:18:08,56.680000000,100
US1.WFC,0,12/12/16,10:18:08,56.680000000,100
US1.WFC,0,12/12/16,10:18:08,56.680000000,100
US1.WFC,0,12/12/16,10:18:08,56.680000000,100
US1.WFC,0,12/12/16,10:18:08,56.680000000,100
US1.WFC,0,12/12/16,10:18:08,56.680000000,200
US1.WFC,0,12/12/16,10:18:08,56.680000000,200
US1.WFC,0,12/12/16,10:18:08,56.680000000,200
US1.WFC,0,12/12/16,10:18:08,56.680000000,100
US1.WFC,0,12/12/16,10:18:08,56.680000000,200
US1.WFC,0,12/12/16,10:18:08,56.680000000,100
US1.WFC,0,12/12/16,10:18:10,56.670000000,100
US1.WFC,0,12/12/16,10:18:10,56.670000000,200
US1.WFC,0,12/12/16,10:18:10,56.670000000,200
US1.WFC,0,12/12/16,10:18:11,56.670000000,100
US1.WFC,0,12/12/16,10:18:11,56.670000000,100
US1.WFC,0,12/12/16,10:18:13,56.665000000,100
US1.WFC,0,12/12/16,10:18:13,56.660000000,100
US1.WFC,0,12/12/16,10:18:13,56.660000000,100
US1.WFC,0,12/12/16,10:18:13,56.660000000,100
US1.WFC,0,12/12/16,10:18:13,56.660000000,100
US1.WFC,0,12/12/16,10:18:13,56.660000000,100
US1.WFC,0,12/12/16,10:18:13,56.660000000,100
US1.WFC,0,12/12/16,10:18:13,56.660000000,100
US1.WFC,0,12/12/16,10:18:13,56.660000000,100
US1.WFC,0,12/12/16,10:18:14,56.660000000,300
US1.WFC,0,12/12/16,10:18:14,56.660000000,100
US1.WFC,0,12/12/16,10:18:14,56.670000000,100
US1.WFC,0,12/12/16,10:18:24,56.670000000,100
US1.WFC,0,12/12/16,10:18:24,56.670000000,100
US1.WFC,0,12/12/16,10:18:24,56.670000000,100
US1.WFC,0,12/12/16,10:18:24,56.670000000,199
US1.WFC,0,12/12/16,10:18:24,56.670000000,100
US1.WFC,0,12/12/16,10:18:24,56.670000000,100
US1.WFC,0,12/12/16,10:18:24,56.670000000,300
US1.WFC,0,12/12/16,10:18:24,56.670000000,100
US1.WFC,0,12/12/16,10:18:24,56.670000000,200
US1.WFC,0,12/12/16,10:18:24,56.670000000,100
US1.WFC,0,12/12/16,10:18:24,56.670000000,200
US1.WFC,0,12/12/16,10:18:36,56.670000000,100
US1.WFC,0,12/12/16,10:18:36,56.670000000,300
US1.WFC,0,12/12/16,10:18:36,56.670000000,100
US1.WFC,0,12/12/16,10:18:36,56.670000000,100
US1.WFC,0,12/12/16,10:18:36,56.670000000,100
US1.WFC,0,12/12/16,10:18:36,56.670000000,100
US1.WFC,0,12/12/16,10:18:36,56.670000000,100
US1.WFC,0,12/12/16,10:18:36,56.670000000,300
US1.WFC,0,12/12/16,10:18:36,56.670000000,1200
US1.WFC,0,12/12/16,10:18:36,56.670000000,100
US1.WFC,0,12/12/16,10:18:37,56.670000000,100
US1.WFC,0,12/12/16,10:18:38,56.680000000,100
US1.WFC,0,12/12/16,10:18:54,56.670000000,100
US1.WFC,0,12/12/16,10:18:54,56.670000000,100
US1.WFC,0,12/12/16,10:18:54,56.670000000,200
US1.WFC,0,12/12/16,10:18:54,56.670000000,100
US1.WFC,0,12/12/16,10:18:54,56.670000000,100
US1.WFC,0,12/12/16,10:18:54,56.670000000,200
US1.WFC,0,12/12/16,10:18:55,56.660000000,100
US1.WFC,0,12/12/16,10:18:57,56.670000000,100
US1.WFC,0,12/12/16,10:18:57,56.670000000,100
US1.WFC,0,12/12/16,10:18:57,56.670000000,100
US1.WFC,0,12/12/16,10:18:57,56.670000000,100
US1.WFC,0,12/12/16,10:18:57,56.670000000,200
US1.WFC,0,12/12/16,10:18:57,56.680000000,100
US1.WFC,0,12/12/16,10:18:57,56.680000000,198
US1.WFC,0,12/12/16,10:19:00,56.670000000,200
US1.WFC,0,12/12/16,10:19:00,56.670000000,100
US1.WFC,0,12/12/16,10:19:00,56.670000000,100
US1.WFC,0,12/12/16,10:19:00,56.670000000,100
US1.WFC,0,12/12/16,10:19:00,56.670000000,200
US1.WFC,0,12/12/16,10:19:00,56.670000000,600
US1.WFC,0,12/12/16,10:19:00,56.670000000,100
US1.WFC,0,12/12/16,10:19:00,56.670000000,200
US1.WFC,0,12/12/16,10:19:00,56.670000000,200
US1.WFC,0,12/12/16,10:19:00,56.670000000,100
US1.WFC,0,12/12/16,10:19:00,56.670000000,100
US1.WFC,0,12/12/16,10:19:00,56.670000000,100
US1.WFC,0,12/12/16,10:19:00,56.670000000,100
US1.WFC,0,12/12/16,10:19:00,56.670000000,100
US1.WFC,0,12/12/16,10:19:00,56.670000000,200
US1.WFC,0,12/12/16,10:19:00,56.670000000,200
US1.WFC,0,12/12/16,10:19:00,56.670000000,100
US1.WFC,0,12/12/16,10:19:05,56.670000000,100
US1.WFC,0,12/12/16,10:19:05,56.670000000,100
US1.WFC,0,12/12/16,10:19:05,56.670000000,100
US1.WFC,0,12/12/16,10:19:31,56.670000000,100
US1.WFC,0,12/12/16,10:19:31,56.670000000,100
US1.WFC,0,12/12/16,10:19:31,56.670000000,100
US1.WFC,0,12/12/16,10:19:31,56.670000000,101
US1.WFC,0,12/12/16,10:19:31,56.670000000,200
US1.WFC,0,12/12/16,10:19:31,56.670000000,100
US1.WFC,0,12/12/16,10:19:31,56.670000000,100
US1.WFC,0,12/12/16,10:19:31,56.670000000,100
US1.WFC,0,12/12/16,10:19:31,56.670000000,100
US1.WFC,0,12/12/16,10:19:46,56.670000000,100
US1.WFC,0,12/12/16,10:19:46,56.670000000,100
US1.WFC,0,12/12/16,10:19:46,56.670000000,100
US1.WFC,0,12/12/16,10:19:46,56.670000000,100
US1.WFC,0,12/12/16,10:19:48,56.665000000,100
US1.WFC,0,12/12/16,10:20:00,56.670000000,100
US1.WFC,0,12/12/16,10:20:00,56.670000000,100
US1.WFC,0,12/12/16,10:20:00,56.670000000,100
US1.WFC,0,12/12/16,10:20:00,56.670000000,100
US1.WFC,0,12/12/16,10:20:00,56.670000000,100
US1.WFC,0,12/12/16,10:20:00,56.670000000,100
US1.WFC,0,12/12/16,10:20:00,56.670000000,100
US1.WFC,0,12/12/16,10:20:08,56.670000000,100
US1.WFC,0,12/12/16,10:20:08,56.670000000,100
US1.WFC,0,12/12/16,10:20:08,56.670000000,100
US1.WFC,0,12/12/16,10:20:08,56.670000000,100
US1.WFC,0,12/12/16,10:20:08,56.670000000,200
US1.WFC,0,12/12/16,10:20:08,56.670000000,100
US1.WFC,0,12/12/16,10:20:08,56.670000000,100
US1.WFC,0,12/12/16,10:20:08,56.670000000,300
US1.WFC,0,12/12/16,10:20:08,56.670000000,100
US1.WFC,0,12/12/16,10:20:08,56.670000000,100
US1.WFC,0,12/12/16,10:20:08,56.670000000,200
US1.WFC,0,12/12/16,10:20:08,56.670000000,200
US1.WFC,0,12/12/16,10:20:08,56.670000000,100
US1.WFC,0,12/12/16,10:20:08,56.670000000,100
US1.WFC,0,12/12/16,10:20:08,56.660000000,100
US1.WFC,0,12/12/16,10:20:08,56.660000000,100
US1.WFC,0,12/12/16,10:20:08,56.660000000,100
US1.WFC,0,12/12/16,10:20:08,56.660000000,100
US1.WFC,0,12/12/16,10:20:08,56.660000000,100
US1.WFC,0,12/12/16,10:20:08,56.660000000,200
US1.WFC,0,12/12/16,10:20:08,56.660000000,300
US1.WFC,0,12/12/16,10:20:09,56.650000000,100
US1.WFC,0,12/12/16,10:20:09,56.650000000,400
US1.WFC,0,12/12/16,10:20:48,56.660000000,100
US1.WFC,0,12/12/16,10:20:48,56.660000000,100
US1.WFC,0,12/12/16,10:20:48,56.660000000,200
US1.WFC,0,12/12/16,10:20:48,56.660000000,100
US1.WFC,0,12/12/16,10:20:48,56.660000000,100
US1.WFC,0,12/12/16,10:20:48,56.660000000,100
US1.WFC,0,12/12/16,10:20:48,56.660000000,200
US1.WFC,0,12/12/16,10:20:48,56.660000000,100
US1.WFC,0,12/12/16,10:20:48,56.660000000,100
US1.WFC,0,12/12/16,10:20:48,56.660000000,200
US1.WFC,0,12/12/16,10:20:48,56.660000000,300
US1.WFC,0,12/12/16,10:20:48,56.660000000,100
US1.WFC,0,12/12/16,10:20:48,56.660000000,100
US1.WFC,0,12/12/16,10:20:48,56.660000000,200
US1.WFC,0,12/12/16,10:20:48,56.660000000,200
US1.WFC,0,12/12/16,10:20:48,56.660000000,200
US1.WFC,0,12/12/16,10:20:48,56.660000000,200
US1.WFC,0,12/12/16,10:20:48,56.660000000,200
US1.WFC,0,12/12/16,10:20:48,56.660000000,200
US1.WFC,0,12/12/16,10:20:48,56.660000000,147
US1.WFC,0,12/12/16,10:20:48,56.660000000,100
US1.WFC,0,12/12/16,10:20:48,56.660000000,114
US1.WFC,0,12/12/16,10:20:48,56.660000000,200
US1.WFC,0,12/12/16,10:20:48,56.660000000,100
US1.WFC,0,12/12/16,10:20:48,56.660000000,100
