<TICKER>,<PER>,<DATE>,<TIME>,<LAST>,<VOL>
US1.MSFT,0,12/12/16,09:30:00,61.820000000,100
US1.MSFT,0,12/12/16,09:30:02,61.830000000,100
US1.MSFT,0,12/12/16,09:30:02,61.850000000,100
US1.MSFT,0,12/12/16,09:30:03,61.880000000,200
US1.MSFT,0,12/12/16,09:30:03,61.880000000,300
US1.MSFT,0,12/12/16,09:30:03,61.880000000,100
US1.MSFT,0,12/12/16,09:30:04,61.860000000,100
US1.MSFT,0,12/12/16,09:30:04,61.860000000,100
US1.MSFT,0,12/12/16,09:30:05,61.860000000,200
US1.MSFT,0,12/12/16,09:30:07,61.850000000,100
US1.MSFT,0,12/12/16,09:30:07,61.850000000,100
US1.MSFT,0,12/12/16,09:30:07,61.850000000,100
US1.MSFT,0,12/12/16,09:30:07,61.850000000,100
US1.MSFT,0,12/12/16,09:30:07,61.850000000,100
US1.MSFT,0,12/12/16,09:30:07,61.850000000,100
US1.MSFT,0,12/12/16,09:30:07,61.850000000,100
US1.MSFT,0,12/12/16,09:30:08,61.850000000,100
US1.MSFT,0,12/12/16,09:30:08,61.850000000,100
US1.MSFT,0,12/12/16,09:30:10,61.860000000,100
US1.MSFT,0,12/12/16,09:30:10,61.860000000,100
US1.MSFT,0,12/12/16,09:30:10,61.870000000,100
US1.MSFT,0,12/12/16,09:30:10,61.870000000,100
US1.MSFT,0,12/12/16,09:30:10,61.850000000,100
US1.MSFT,0,12/12/16,09:30:10,61.850000000,100
US1.MSFT,0,12/12/16,09:30:10,61.850000000,100
US1.MSFT,0,12/12/16,09:30:10,61.860000000,200
US1.MSFT,0,12/12/16,09:30:11,61.850000000,100
US1.MSFT,0,12/12/16,09:30:11,61.850000000,100
US1.MSFT,0,12/12/16,09:30:12,61.840000000,100
US1.MSFT,0,12/12/16,09:30:12,61.840000000,100
US1.MSFT,0,12/12/16,09:30:12,61.840000000,100
US1.MSFT,0,12/12/16,09:30:16,61.810000000,100
US1.MSFT,0,12/12/16,09:30:16,61.810000000,100
US1.MSFT,0,12/12/16,09:30:17,61.815000000,100
US1.MSFT,0,12/12/16,09:30:17,61.815000000,100
US1.MSFT,0,12/12/16,09:30:17,61.815000000,200
US1.MSFT,0,12/12/16,09:30:17,61.815000000,100
US1.MSFT,0,12/12/16,09:30:17,61.815000000,100
US1.MSFT,0,12/12/16,09:30:17,61.815000000,100
US1.MSFT,0,12/12/16,09:30:17,61.815000000,200
US1.MSFT,0,12/12/16,09:30:17,61.815000000,100
US1.MSFT,0,12/12/16,09:30:17,61.815000000,100
US1.MSFT,0,12/12/16,09:30:17,61.815000000,100
US1.MSFT,0,12/12/16,09:30:17,61.815000000,100
US1.MSFT,0,12/12/16,09:30:17,61.820000000,100
US1.MSFT,0,12/12/16,09:30:20,61.810000000,100
US1.MSFT,0,12/12/16,09:30:20,61.810000000,100
US1.MSFT,0,12/12/16,09:30:20,61.810000000,100
US1.MSFT,0,12/12/16,09:30:20,61.810000000,100
US1.MSFT,0,12/12/16,09:30:28,61.770000000,100
US1.MSFT,0,12/12/16,09:30:30,61.770000000,100
US1.MSFT,0,12/12/16,09:30:30,61.760000000,100
US1.MSFT,0,12/12/16,09:30:31,61.760000000,100
US1.MSFT,0,12/12/16,09:30:31,61.750000000,100
US1.MSFT,0,12/12/16,09:30:33,61.770000000,100
US1.MSFT,0,12/12/16,09:30:37,61.760000000,100
US1.MSFT,0,12/12/16,09:30:37,61.760000000,100
US1.MSFT,0,12/12/16,09:30:39,61.770000000,100
US1.MSFT,0,12/12/16,09:30:43,61.760000000,100
US1.MSFT,0,12/12/16,09:30:44,61.760000000,100
US1.MSFT,0,12/12/16,09:30:46,61.760000000,200
US1.MSFT,0,12/12/16,09:30:48,61.760000000,100
US1.MSFT,0,12/12/16,09:30:48,61.760000000,100
US1.MSFT,0,12/12/16,09:30:49,61.760000000,100
US1.MSFT,0,12/12/16,09:30:49,61.760000000,100
US1.MSFT,0,12/12/16,09:30:49,61.750000000,100
US1.MSFT,0,12/12/16,09:30:49,61.750000000,100
US1.MSFT,0,12/12/16,09:30:49,61.760000000,100
US1.MSFT,0,12/12/16,09:30:51,61.770000000,200
US1.MSFT,0,12/12/16,09:30:53,61.770000000,300
US1.MSFT,0,12/12/16,09:30:53,61.780000000,100
US1.MSFT,0,12/12/16,09:30:53,61.780000000,200
US1.MSFT,0,12/12/16,09:30:53,61.780000000,151
US1.MSFT,0,12/12/16,09:30:53,61.780000000,349
US1.MSFT,0,12/12/16,09:30:54,61.790000000,140
US1.MSFT,0,12/12/16,09:30:54,61.790000000,500
US1.MSFT,0,12/12/16,09:30:54,61.790000000,100
US1.MSFT,0,12/12/16,09:30:54,61.800000000,100
US1.MSFT,0,12/12/16,09:30:55,61.820000000,100
US1.MSFT,0,12/12/16,09:30:58,61.860000000,100
US1.MSFT,0,12/12/16,09:30:58,61.860000000,100
US1.MSFT,0,12/12/16,09:30:58,61.860000000,100
US1.MSFT,0,12/12/16,09:30:58,61.860000000,100
US1.MSFT,0,12/12/16,09:31:00,61.850000000,100
US1.MSFT,0,12/12/16,09:31:00,61.850000000,100
US1.MSFT,0,12/12/16,09:31:00,61.840000000,100
US1.MSFT,0,12/12/16,09:31:00,61.850000000,100
US1.MSFT,0,12/12/16,09:31:00,61.850000000,100
US1.MSFT,0,12/12/16,09:31:02,61.850000000,100
US1.MSFT,0,12/12/16,09:31:02,61.850000000,100
US1.MSFT,0,12/12/16,09:31:03,61.840000000,100
US1.MSFT,0,12/12/16,09:31:08,61.890000000,100
US1.MSFT,0,12/12/16,09:31:08,61.900000000,100
US1.MSFT,0,12/12/16,09:31:08,61.910000000,100
US1.MSFT,0,12/12/16,09:31:08,61.910000000,100
US1.MSFT,0,12/12/16,09:31:11,61.910000000,100
US1.MSFT,0,12/12/16,09:31:11,61.900000000,100
US1.MSFT,0,12/12/16,09:31:11,61.900000000,114
US1.MSFT,0,12/12/16,09:31:11,61.900000000,500
US1.MSFT,0,12/12/16,09:31:11,61.880000000,100
US1.MSFT,0,12/12/16,09:31:11,61.880000000,100
US1.MSFT,0,12/12/16,09:31:11,61.880000000,200
US1.MSFT,0,12/12/16,09:31:12,61.860000000,100
US1.MSFT,0,12/12/16,09:31:12,61.860000000,100
US1.MSFT,0,12/12/16,09:31:16,61.800000000,100
US1.MSFT,0,12/12/16,09:31:16,61.800000000,100
US1.MSFT,0,12/12/16,09:31:17,61.810000000,100
US1.MSFT,0,12/12/16,09:31:17,61.815000000,300
US1.MSFT,0,12/12/16,09:31:17,61.815000000,300
US1.MSFT,0,12/12/16,09:31:17,61.815000000,200
US1.MSFT,0,12/12/16,09:31:17,61.820000000,100
US1.MSFT,0,12/12/16,09:31:17,61.820000000,100
US1.MSFT,0,12/12/16,09:31:17,61.830000000,100
US1.MSFT,0,12/12/16,09:31:17,61.830000000,100
US1.MSFT,0,12/12/16,09:31:17,61.830000000,100
US1.MSFT,0,12/12/16,09:31:20,61.810000000,100
US1.MSFT,0,12/12/16,09:31:20,61.810000000,100
US1.MSFT,0,12/12/16,09:31:29,61.760000000,100
US1.MSFT,0,12/12/16,09:31:30,61.770000000,100
US1.MSFT,0,12/12/16,09:31:32,61.765000000,300
US1.MSFT,0,12/12/16,09:31:32,61.765000000,300
US1.MSFT,0,12/12/16,09:31:32,61.770000000,100
US1.MSFT,0,12/12/16,09:31:46,61.770000000,200
US1.MSFT,0,12/12/16,09:31:46,61.770000000,100
US1.MSFT,0,12/12/16,09:31:50,61.790000000,100
US1.MSFT,0,12/12/16,09:31:53,61.820000000,100
US1.MSFT,0,12/12/16,09:31:53,61.820000000,100
US1.MSFT,0,12/12/16,09:31:53,61.820000000,100
US1.MSFT,0,12/12/16,09:31:53,61.810000000,200
US1.MSFT,0,12/12/16,09:31:53,61.810000000,100
US1.MSFT,0,12/12/16,09:31:53,61.810000000,100
US1.MSFT,0,12/12/16,09:31:56,61.840000000,100
US1.MSFT,0,12/12/16,09:31:56,61.840000000,100
US1.MSFT,0,12/12/16,09:32:00,61.820000000,100
US1.MSFT,0,12/12/16,09:32:00,61.820000000,100
US1.MSFT,0,12/12/16,09:32:00,61.820000000,100
US1.MSFT,0,12/12/16,09:32:00,61.820000000,100
US1.MSFT,0,12/12/16,09:32:01,61.820000000,100
US1.MSFT,0,12/12/16,09:32:01,61.820000000,100
US1.MSFT,0,12/12/16,09:32:11,61.810000000,100
US1.MSFT,0,12/12/16,09:32:14,61.810000000,200
US1.MSFT,0,12/12/16,09:32:19,61.810000000,100
US1.MSFT,0,12/12/16,09:32:20,61.810000000,100
US1.MSFT,0,12/12/16,09:32:20,61.810000000,200
US1.MSFT,0,12/12/16,09:32:22,61.810000000,100
US1.MSFT,0,12/12/16,09:32:22,61.810000000,100
US1.MSFT,0,12/12/16,09:32:36,61.800000000,119
US1.MSFT,0,12/12/16,09:32:36,61.800000000,181
US1.MSFT,0,12/12/16,09:32:36,61.800000000,119
US1.MSFT,0,12/12/16,09:32:36,61.800000000,181
US1.MSFT,0,12/12/16,09:32:36,61.800000000,181
US1.MSFT,0,12/12/16,09:32:36,61.790000000,100
US1.MSFT,0,12/12/16,09:32:36,61.790000000,300
US1.MSFT,0,12/12/16,09:32:36,61.790000000,100
US1.MSFT,0,12/12/16,09:32:36,61.790000000,200
US1.MSFT,0,12/12/16,09:32:36,61.790000000,100
US1.MSFT,0,12/12/16,09:32:36,61.790000000,100
US1.MSFT,0,12/12/16,09:32:36,61.790000000,100
US1.MSFT,0,12/12/16,09:32:38,61.780000000,100
US1.MSFT,0,12/12/16,09:32:38,61.780000000,200
US1.MSFT,0,12/12/16,09:32:38,61.780000000,130
US1.MSFT,0,12/12/16,09:32:38,61.780000000,100
US1.MSFT,0,12/12/16,09:32:39,61.790000000,102
US1.MSFT,0,12/12/16,09:32:39,61.790000000,198
US1.MSFT,0,12/12/16,09:32:41,61.800000000,100
US1.MSFT,0,12/12/16,09:32:41,61.800000000,100
US1.MSFT,0,12/12/16,09:32:48,61.830000000,100
US1.MSFT,0,12/12/16,09:32:48,61.830000000,100
US1.MSFT,0,12/12/16,09:32:48,61.830000000,100
US1.MSFT,0,12/12/16,09:32:48,61.840000000,100
US1.MSFT,0,12/12/16,09:32:48,61.840000000,100
US1.MSFT,0,12/12/16,09:32:48,61.840000000,100
US1.MSFT,0,12/12/16,09:32:49,61.840000000,100
US1.MSFT,0,12/12/16,09:32:49,61.830000000,100
US1.MSFT,0,12/12/16,09:32:49,61.830000000,100
US1.MSFT,0,12/12/16,09:32:52,61.840000000,100
US1.MSFT,0,12/12/16,09:32:52,61.840000000,100
US1.MSFT,0,12/12/16,09:33:00,61.870000000,100
US1.MSFT,0,12/12/16,09:33:00,61.870000000,100
US1.MSFT,0,12/12/16,09:33:00,61.870000000,100
US1.MSFT,0,12/12/16,09:33:00,61.870000000,100
US1.MSFT,0,12/12/16,09:33:01,61.860000000,100
US1.MSFT,0,12/12/16,09:33:01,61.860000000,100
US1.MSFT,0,12/12/16,09:33:01,61.860000000,100
US1.MSFT,0,12/12/16,09:33:02,61.860000000,100
US1.MSFT,0,12/12/16,09:33:02,61.860000000,100
US1.MSFT,0,12/12/16,09:33:02,61.860000000,100
US1.MSFT,0,12/12/16,09:33:02,61.860000000,100
US1.MSFT,0,12/12/16,09:33:02,61.860000000,100
US1.MSFT,0,12/12/16,09:33:04,61.830000000,100
US1.MSFT,0,12/12/16,09:33:07,61.850000000,100
US1.MSFT,0,12/12/16,09:33:07,61.860000000,100
US1.MSFT,0,12/12/16,09:33:07,61.860000000,100
US1.MSFT,0,12/12/16,09:33:09,61.870000000,100
US1.MSFT,0,12/12/16,09:33:09,61.860000000,100
US1.MSFT,0,12/12/16,09:33:09,61.860000000,100
US1.MSFT,0,12/12/16,09:33:12,61.840000000,100
US1.MSFT,0,12/12/16,09:33:13,61.830000000,100
US1.MSFT,0,12/12/16,09:33:13,61.830000000,100
US1.MSFT,0,12/12/16,09:33:16,61.850000000,100
US1.MSFT,0,12/12/16,09:33:18,61.850000000,100
US1.MSFT,0,12/12/16,09:33:19,61.840000000,200
US1.MSFT,0,12/12/16,09:33:23,61.840000000,100
US1.MSFT,0,12/12/16,09:33:23,61.830000000,100
US1.MSFT,0,12/12/16,09:33:24,61.830000000,100
US1.MSFT,0,12/12/16,09:33:24,61.830000000,100
US1.MSFT,0,12/12/16,09:33:32,61.820000000,200
US1.MSFT,0,12/12/16,09:33:32,61.820000000,100
US1.MSFT,0,12/12/16,09:33:34,61.820000000,100
US1.MSFT,0,12/12/16,09:33:34,61.820000000,100
US1.MSFT,0,12/12/16,09:33:36,61.810000000,100
US1.MSFT,0,12/12/16,09:33:39,61.810000000,100
US1.MSFT,0,12/12/16,09:33:39,61.795000000,100
US1.MSFT,0,12/12/16,09:33:43,61.790000000,100
US1.MSFT,0,12/12/16,09:33:43,61.790000000,100
US1.MSFT,0,12/12/16,09:33:45,61.770000000,100
US1.MSFT,0,12/12/16,09:33:45,61.770000000,500
US1.MSFT,0,12/12/16,09:33:45,61.780000000,100
US1.MSFT,0,12/12/16,09:33:51,61.820000000,100
US1.MSFT,0,12/12/16,09:34:00,61.830000000,100
US1.MSFT,0,12/12/16,09:34:03,61.820000000,100
US1.MSFT,0,12/12/16,09:34:03,61.820000000,100
US1.MSFT,0,12/12/16,09:34:05,61.830000000,100
US1.MSFT,0,12/12/16,09:34:07,61.830000000,100
US1.MSFT,0,12/12/16,09:34:10,61.820000000,100
US1.MSFT,0,12/12/16,09:34:10,61.820000000,100
US1.MSFT,0,12/12/16,09:34:11,61.820000000,100
US1.MSFT,0,12/12/16,09:34:12,61.830000000,100
US1.MSFT,0,12/12/16,09:34:12,61.830000000,100
US1.MSFT,0,12/12/16,09:34:14,61.820000000,100
US1.MSFT,0,12/12/16,09:34:18,61.840000000,100
US1.MSFT,0,12/12/16,09:34:24,61.840000000,100
US1.MSFT,0,12/12/16,09:34:25,61.840000000,200
US1.MSFT,0,12/12/16,09:34:25,61.840000000,100
US1.MSFT,0,12/12/16,09:34:25,61.840000000,100
US1.MSFT,0,12/12/16,09:34:26,61.840000000,100
US1.MSFT,0,12/12/16,09:34:29,61.850000000,200
US1.MSFT,0,12/12/16,09:34:29,61.860000000,100
US1.MSFT,0,12/12/16,09:34:29,61.860000000,100
US1.MSFT,0,12/12/16,09:34:32,61.860000000,100
US1.MSFT,0,12/12/16,09:34:32,61.860000000,100
US1.MSFT,0,12/12/16,09:34:32,61.860000000,100
US1.MSFT,0,12/12/16,09:34:39,61.860000000,100
US1.MSFT,0,12/12/16,09:34:42,61.870000000,100
US1.MSFT,0,12/12/16,09:34:45,61.870000000,200
US1.MSFT,0,12/12/16,09:34:48,61.880000000,100
US1.MSFT,0,12/12/16,09:34:51,61.910000000,100
US1.MSFT,0,12/12/16,09:34:52,61.900000000,100
US1.MSFT,0,12/12/16,09:34:52,61.900000000,100
US1.MSFT,0,12/12/16,09:34:52,61.900000000,100
US1.MSFT,0,12/12/16,09:34:58,61.890000000,100
US1.MSFT,0,12/12/16,09:34:58,61.890000000,100
US1.MSFT,0,12/12/16,09:34:58,61.880000000,200
US1.MSFT,0,12/12/16,09:34:58,61.880000000,100
US1.MSFT,0,12/12/16,09:35:01,61.860000000,100
US1.MSFT,0,12/12/16,09:35:01,61.860000000,100
US1.MSFT,0,12/12/16,09:35:06,61.870000000,100
US1.MSFT,0,12/12/16,09:35:06,61.870000000,100
US1.MSFT,0,12/12/16,09:35:06,61.870000000,100
US1.MSFT,0,12/12/16,09:35:07,61.870000000,100
US1.MSFT,0,12/12/16,09:35:10,61.880000000,100
US1.MSFT,0,12/12/16,09:35:16,61.840000000,100
US1.MSFT,0,12/12/16,09:35:16,61.840000000,100
US1.MSFT,0,12/12/16,09:35:17,61.840000000,100
US1.MSFT,0,12/12/16,09:35:18,61.830000000,100
US1.MSFT,0,12/12/16,09:35:18,61.830000000,100
US1.MSFT,0,12/12/16,09:35:18,61.830000000,100
US1.MSFT,0,12/12/16,09:35:18,61.830000000,100
US1.MSFT,0,12/12/16,09:35:20,61.850000000,100
US1.MSFT,0,12/12/16,09:35:20,61.850000000,100
US1.MSFT,0,12/12/16,09:35:20,61.850000000,300
US1.MSFT,0,12/12/16,09:35:21,61.860000000,200
US1.MSFT,0,12/12/16,09:35:22,61.840000000,100
US1.MSFT,0,12/12/16,09:35:24,61.830000000,100
US1.MSFT,0,12/12/16,09:35:25,61.830000000,100
US1.MSFT,0,12/12/16,09:35:25,61.830000000,100
US1.MSFT,0,12/12/16,09:35:31,61.815000000,100
US1.MSFT,0,12/12/16,09:35:33,61.800000000,100
US1.MSFT,0,12/12/16,09:35:33,61.805000000,100
US1.MSFT,0,12/12/16,09:35:34,61.800000000,100
US1.MSFT,0,12/12/16,09:35:35,61.810000000,100
US1.MSFT,0,12/12/16,09:35:36,61.800000000,100
US1.MSFT,0,12/12/16,09:35:39,61.795000000,100
US1.MSFT,0,12/12/16,09:35:41,61.800000000,100
US1.MSFT,0,12/12/16,09:35:45,61.790000000,100
US1.MSFT,0,12/12/16,09:35:46,61.780000000,100
US1.MSFT,0,12/12/16,09:35:46,61.780000000,100
US1.MSFT,0,12/12/16,09:35:51,61.785000000,100
US1.MSFT,0,12/12/16,09:35:56,61.770000000,100
US1.MSFT,0,12/12/16,09:35:58,61.770000000,100
US1.MSFT,0,12/12/16,09:35:58,61.770000000,100
US1.MSFT,0,12/12/16,09:35:58,61.770000000,100
US1.MSFT,0,12/12/16,09:35:59,61.800000000,100
US1.MSFT,0,12/12/16,09:35:59,61.800000000,100
US1.MSFT,0,12/12/16,09:36:01,61.810000000,100
US1.MSFT,0,12/12/16,09:36:01,61.810000000,100
US1.MSFT,0,12/12/16,09:36:01,61.810000000,100
US1.MSFT,0,12/12/16,09:36:01,61.810000000,100
US1.MSFT,0,12/12/16,09:36:01,61.810000000,200
US1.MSFT,0,12/12/16,09:36:01,61.810000000,100
US1.MSFT,0,12/12/16,09:36:01,61.810000000,100
US1.MSFT,0,12/12/16,09:36:01,61.810000000,200
US1.MSFT,0,12/12/16,09:36:01,61.810000000,100
US1.MSFT,0,12/12/16,09:36:01,61.810000000,100
US1.MSFT,0,12/12/16,09:36:01,61.810000000,100
US1.MSFT,0,12/12/16,09:36:01,61.810000000,1000
US1.MSFT,0,12/12/16,09:36:02,61.800000000,100
US1.MSFT,0,12/12/16,09:36:02,61.800000000,100
US1.MSFT,0,12/12/16,09:36:02,61.810000000,100
US1.MSFT,0,12/12/16,09:36:02,61.810000000,100
US1.MSFT,0,12/12/16,09:36:02,61.810000000,100
US1.MSFT,0,12/12/16,09:36:02,61.810000000,100
US1.MSFT,0,12/12/16,09:36:03,61.790000000,100
US1.MSFT,0,12/12/16,09:36:03,61.790000000,100
US1.MSFT,0,12/12/16,09:36:04,61.795000000,100
US1.MSFT,0,12/12/16,09:36:04,61.800000000,100
US1.MSFT,0,12/12/16,09:36:04,61.800000000,100
US1.MSFT,0,12/12/16,09:36:04,61.800000000,100
US1.MSFT,0,12/12/16,09:36:04,61.800000000,100
US1.MSFT,0,12/12/16,09:36:11,61.810000000,100
US1.MSFT,0,12/12/16,09:36:11,61.810000000,100
US1.MSFT,0,12/12/16,09:36:11,61.810000000,100
US1.MSFT,0,12/12/16,09:36:11,61.810000000,100
US1.MSFT,0,12/12/16,09:36:11,61.810000000,100
US1.MSFT,0,12/12/16,09:36:11,61.810000000,100
US1.MSFT,0,12/12/16,09:36:11,61.810000000,100
US1.MSFT,0,12/12/16,09:36:11,61.810000000,100
US1.MSFT,0,12/12/16,09:36:11,61.810000000,1000
US1.MSFT,0,12/12/16,09:36:11,61.810000000,100
US1.MSFT,0,12/12/16,09:36:15,61.815000000,100
US1.MSFT,0,12/12/16,09:36:15,61.815000000,100
US1.MSFT,0,12/12/16,09:36:15,61.815000000,100
US1.MSFT,0,12/12/16,09:36:17,61.810000000,100
US1.MSFT,0,12/12/16,09:36:18,61.800000000,100
US1.MSFT,0,12/12/16,09:36:22,61.785000000,191
US1.MSFT,0,12/12/16,09:36:30,61.760000000,200
US1.MSFT,0,12/12/16,09:36:30,61.760000000,100
US1.MSFT,0,12/12/16,09:36:30,61.760000000,100
US1.MSFT,0,12/12/16,09:36:35,61.755000000,200
US1.MSFT,0,12/12/16,09:36:35,61.755000000,100
US1.MSFT,0,12/12/16,09:36:35,61.760000000,100
US1.MSFT,0,12/12/16,09:36:36,61.760000000,100
US1.MSFT,0,12/12/16,09:36:38,61.770000000,100
US1.MSFT,0,12/12/16,09:36:38,61.770000000,100
US1.MSFT,0,12/12/16,09:36:38,61.770000000,100
US1.MSFT,0,12/12/16,09:36:42,61.790000000,100
US1.MSFT,0,12/12/16,09:36:42,61.790000000,100
US1.MSFT,0,12/12/16,09:36:47,61.790000000,100
US1.MSFT,0,12/12/16,09:36:47,61.790000000,100
US1.MSFT,0,12/12/16,09:36:49,61.790000000,100
US1.MSFT,0,12/12/16,09:36:49,61.790000000,300
US1.MSFT,0,12/12/16,09:36:54,61.810000000,100
US1.MSFT,0,12/12/16,09:36:54,61.810000000,100
US1.MSFT,0,12/12/16,09:36:54,61.810000000,100
US1.MSFT,0,12/12/16,09:36:59,61.780000000,100
US1.MSFT,0,12/12/16,09:37:01,61.770000000,100
US1.MSFT,0,12/12/16,09:37:05,61.770000000,100
US1.MSFT,0,12/12/16,09:37:05,61.770000000,100
US1.MSFT,0,12/12/16,09:37:05,61.770000000,100
US1.MSFT,0,12/12/16,09:37:05,61.780000000,100
US1.MSFT,0,12/12/16,09:37:05,61.780000000,100
US1.MSFT,0,12/12/16,09:37:06,61.790000000,100
US1.MSFT,0,12/12/16,09:37:06,61.790000000,100
US1.MSFT,0,12/12/16,09:37:08,61.800000000,100
US1.MSFT,0,12/12/16,09:37:13,61.780000000,100
US1.MSFT,0,12/12/16,09:37:13,61.800000000,200
US1.MSFT,0,12/12/16,09:37:13,61.810000000,100
US1.MSFT,0,12/12/16,09:37:13,61.810000000,100
US1.MSFT,0,12/12/16,09:37:13,61.810000000,100
US1.MSFT,0,12/12/16,09:37:13,61.800000000,100
US1.MSFT,0,12/12/16,09:37:13,61.800000000,100
US1.MSFT,0,12/12/16,09:37:17,61.800000000,100
US1.MSFT,0,12/12/16,09:37:21,61.820000000,300
US1.MSFT,0,12/12/16,09:37:21,61.820000000,100
US1.MSFT,0,12/12/16,09:37:21,61.820000000,100
US1.MSFT,0,12/12/16,09:37:22,61.840000000,100
US1.MSFT,0,12/12/16,09:37:23,61.840000000,100
US1.MSFT,0,12/12/16,09:37:23,61.840000000,100
US1.MSFT,0,12/12/16,09:37:26,61.830000000,100
US1.MSFT,0,12/12/16,09:37:26,61.830000000,200
US1.MSFT,0,12/12/16,09:37:29,61.830000000,100
US1.MSFT,0,12/12/16,09:37:29,61.830000000,100
US1.MSFT,0,12/12/16,09:37:30,61.850000000,200
US1.MSFT,0,12/12/16,09:37:43,61.850000000,100
US1.MSFT,0,12/12/16,09:37:43,61.850000000,100
US1.MSFT,0,12/12/16,09:37:44,61.840000000,100
US1.MSFT,0,12/12/16,09:37:44,61.840000000,100
US1.MSFT,0,12/12/16,09:37:44,61.840000000,600
US1.MSFT,0,12/12/16,09:37:46,61.850000000,100
US1.MSFT,0,12/12/16,09:37:46,61.850000000,100
US1.MSFT,0,12/12/16,09:37:46,61.850000000,100
US1.MSFT,0,12/12/16,09:37:48,61.860000000,100
US1.MSFT,0,12/12/16,09:37:48,61.870000000,100
US1.MSFT,0,12/12/16,09:37:58,61.880000000,100
US1.MSFT,0,12/12/16,09:37:58,61.880000000,100
US1.MSFT,0,12/12/16,09:38:00,61.880000000,100
US1.MSFT,0,12/12/16,09:38:01,61.870000000,100
US1.MSFT,0,12/12/16,09:38:03,61.850000000,100
US1.MSFT,0,12/12/16,09:38:03,61.850000000,400
US1.MSFT,0,12/12/16,09:38:04,61.850000000,100
US1.MSFT,0,12/12/16,09:38:04,61.850000000,400
US1.MSFT,0,12/12/16,09:38:04,61.850000000,200
US1.MSFT,0,12/12/16,09:38:06,61.855000000,100
US1.MSFT,0,12/12/16,09:38:08,61.850000000,100
US1.MSFT,0,12/12/16,09:38:10,61.860000000,100
US1.MSFT,0,12/12/16,09:38:10,61.860000000,100
US1.MSFT,0,12/12/16,09:38:10,61.860000000,100
US1.MSFT,0,12/12/16,09:38:12,61.870000000,300
US1.MSFT,0,12/12/16,09:38:21,61.880000000,100
US1.MSFT,0,12/12/16,09:38:22,61.880000000,300
US1.MSFT,0,12/12/16,09:38:22,61.880000000,300
US1.MSFT,0,12/12/16,09:38:29,61.880000000,100
US1.MSFT,0,12/12/16,09:38:29,61.880000000,100
US1.MSFT,0,12/12/16,09:38:29,61.880000000,100
US1.MSFT,0,12/12/16,09:38:30,61.880000000,100
US1.MSFT,0,12/12/16,09:38:33,61.880000000,100
US1.MSFT,0,12/12/16,09:38:35,61.880000000,100
US1.MSFT,0,12/12/16,09:38:35,61.880000000,100
US1.MSFT,0,12/12/16,09:38:38,61.870000000,100
US1.MSFT,0,12/12/16,09:38:38,61.870000000,100
US1.MSFT,0,12/12/16,09:38:38,61.870000000,100
US1.MSFT,0,12/12/16,09:38:40,61.875000000,100
US1.MSFT,0,12/12/16,09:38:45,61.880000000,249
US1.MSFT,0,12/12/16,09:38:45,61.880000000,100
US1.MSFT,0,12/12/16,09:38:45,61.880000000,100
US1.MSFT,0,12/12/16,09:38:45,61.890000000,100
US1.MSFT,0,12/12/16,09:38:45,61.890000000,100
US1.MSFT,0,12/12/16,09:38:45,61.890000000,100
US1.MSFT,0,12/12/16,09:38:45,61.890000000,100
US1.MSFT,0,12/12/16,09:38:46,61.900000000,100
US1.MSFT,0,12/12/16,09:38:48,61.920000000,100
US1.MSFT,0,12/12/16,09:38:48,61.930000000,100
US1.MSFT,0,12/12/16,09:38:52,61.920000000,100
US1.MSFT,0,12/12/16,09:38:52,61.920000000,100
US1.MSFT,0,12/12/16,09:38:54,61.920000000,100
US1.MSFT,0,12/12/16,09:38:54,61.920000000,100
US1.MSFT,0,12/12/16,09:38:54,61.920000000,100
US1.MSFT,0,12/12/16,09:38:54,61.920000000,100
US1.MSFT,0,12/12/16,09:38:55,61.920000000,100
US1.MSFT,0,12/12/16,09:38:55,61.920000000,100
US1.MSFT,0,12/12/16,09:38:55,61.920000000,100
US1.MSFT,0,12/12/16,09:38:58,61.920000000,100
US1.MSFT,0,12/12/16,09:38:58,61.920000000,100
US1.MSFT,0,12/12/16,09:39:00,61.930000000,100
US1.MSFT,0,12/12/16,09:39:03,61.930000000,100
US1.MSFT,0,12/12/16,09:39:03,61.930000000,100
US1.MSFT,0,12/12/16,09:39:04,61.930000000,100
US1.MSFT,0,12/12/16,09:39:05,61.930000000,300
US1.MSFT,0,12/12/16,09:39:05,61.930000000,200
US1.MSFT,0,12/12/16,09:39:06,61.935000000,100
US1.MSFT,0,12/12/16,09:39:06,61.930000000,100
US1.MSFT,0,12/12/16,09:39:09,61.950000000,100
US1.MSFT,0,12/12/16,09:39:09,61.950000000,100
US1.MSFT,0,12/12/16,09:39:09,61.950000000,100
US1.MSFT,0,12/12/16,09:39:09,61.950000000,100
US1.MSFT,0,12/12/16,09:39:10,61.960000000,100
US1.MSFT,0,12/12/16,09:39:12,61.970000000,100
US1.MSFT,0,12/12/16,09:39:12,61.970000000,100
US1.MSFT,0,12/12/16,09:39:12,61.970000000,100
US1.MSFT,0,12/12/16,09:39:12,61.970000000,100
US1.MSFT,0,12/12/16,09:39:13,61.960000000,100
US1.MSFT,0,12/12/16,09:39:13,61.970000000,100
US1.MSFT,0,12/12/16,09:39:13,61.970000000,100
US1.MSFT,0,12/12/16,09:39:13,61.970000000,100
US1.MSFT,0,12/12/16,09:39:13,61.970000000,100
US1.MSFT,0,12/12/16,09:39:13,61.970000000,100
US1.MSFT,0,12/12/16,09:39:13,61.970000000,100
US1.MSFT,0,12/12/16,09:39:13,61.970000000,200
US1.MSFT,0,12/12/16,09:39:13,61.970000000,100
US1.MSFT,0,12/12/16,09:39:13,61.970000000,200
US1.MSFT,0,12/12/16,09:39:13,61.970000000,100
US1.MSFT,0,12/12/16,09:39:16,61.980000000,100
US1.MSFT,0,12/12/16,09:39:18,61.990000000,100
US1.MSFT,0,12/12/16,09:39:18,61.990000000,100
US1.MSFT,0,12/12/16,09:39:19,61.990000000,100
US1.MSFT,0,12/12/16,09:39:19,61.990000000,100
US1.MSFT,0,12/12/16,09:39:19,61.990000000,100
US1.MSFT,0,12/12/16,09:39:19,61.990000000,100
US1.MSFT,0,12/12/16,09:39:20,61.990000000,100
US1.MSFT,0,12/12/16,09:39:20,61.990000000,200
US1.MSFT,0,12/12/16,09:39:26,61.995000000,100
US1.MSFT,0,12/12/16,09:39:29,62.000000000,300
US1.MSFT,0,12/12/16,09:39:29,62.000000000,200
US1.MSFT,0,12/12/16,09:39:29,62.000000000,100
US1.MSFT,0,12/12/16,09:39:29,62.000000000,100
US1.MSFT,0,12/12/16,09:39:29,62.000000000,100
US1.MSFT,0,12/12/16,09:39:29,62.000000000,100
US1.MSFT,0,12/12/16,09:39:29,62.000000000,100
US1.MSFT,0,12/12/16,09:39:29,62.000000000,200
US1.MSFT,0,12/12/16,09:39:29,62.000000000,100
US1.MSFT,0,12/12/16,09:39:29,62.000000000,100
US1.MSFT,0,12/12/16,09:39:29,62.000000000,100
US1.MSFT,0,12/12/16,09:39:29,62.010000000,100
US1.MSFT,0,12/12/16,09:39:29,62.010000000,100
US1.MSFT,0,12/12/16,09:39:29,62.010000000,100
US1.MSFT,0,12/12/16,09:39:29,62.010000000,100
US1.MSFT,0,12/12/16,09:39:29,62.010000000,100
US1.MSFT,0,12/12/16,09:39:29,62.020000000,100
US1.MSFT,0,12/12/16,09:39:29,62.020000000,100
US1.MSFT,0,12/12/16,09:39:29,62.030000000,100
US1.MSFT,0,12/12/16,09:39:29,62.030000000,100
US1.MSFT,0,12/12/16,09:39:29,62.030000000,100
US1.MSFT,0,12/12/16,09:39:29,62.030000000,200
US1.MSFT,0,12/12/16,09:39:29,62.030000000,100
US1.MSFT,0,12/12/16,09:39:29,62.030000000,100
US1.MSFT,0,12/12/16,09:39:30,62.040000000,100
US1.MSFT,0,12/12/16,09:39:30,62.040000000,100
US1.MSFT,0,12/12/16,09:39:30,62.040000000,2200
US1.MSFT,0,12/12/16,09:39:31,62.050000000,100
US1.MSFT,0,12/12/16,09:39:31,62.050000000,100
US1.MSFT,0,12/12/16,09:39:31,62.045000000,100
US1.MSFT,0,12/12/16,09:39:31,62.050000000,400
US1.MSFT,0,12/12/16,09:39:31,62.050000000,100
US1.MSFT,0,12/12/16,09:39:31,62.050000000,100
US1.MSFT,0,12/12/16,09:39:31,62.050000000,100
US1.MSFT,0,12/12/16,09:39:32,62.050000000,100
US1.MSFT,0,12/12/16,09:39:32,62.050000000,100
US1.MSFT,0,12/12/16,09:39:32,62.050000000,100
US1.MSFT,0,12/12/16,09:39:33,62.040000000,100
US1.MSFT,0,12/12/16,09:39:33,62.040000000,100
US1.MSFT,0,12/12/16,09:39:33,62.040000000,100
US1.MSFT,0,12/12/16,09:39:33,62.040000000,100
US1.MSFT,0,12/12/16,09:39:33,62.040000000,100
US1.MSFT,0,12/12/16,09:39:33,62.040000000,100
US1.MSFT,0,12/12/16,09:39:34,62.040000000,100
US1.MSFT,0,12/12/16,09:39:35,62.050000000,100
US1.MSFT,0,12/12/16,09:39:35,62.050000000,100
US1.MSFT,0,12/12/16,09:39:35,62.050000000,100
US1.MSFT,0,12/12/16,09:39:35,62.050000000,100
US1.MSFT,0,12/12/16,09:39:35,62.060000000,100
US1.MSFT,0,12/12/16,09:39:35,62.050000000,200
US1.MSFT,0,12/12/16,09:39:41,62.070000000,100
US1.MSFT,0,12/12/16,09:39:41,62.070000000,199
US1.MSFT,0,12/12/16,09:39:42,62.070000000,100
US1.MSFT,0,12/12/16,09:39:43,62.060000000,100
US1.MSFT,0,12/12/16,09:39:43,62.060000000,100
US1.MSFT,0,12/12/16,09:39:43,62.060000000,100
US1.MSFT,0,12/12/16,09:39:43,62.060000000,100
US1.MSFT,0,12/12/16,09:39:43,62.060000000,100
US1.MSFT,0,12/12/16,09:39:43,62.050000000,100
US1.MSFT,0,12/12/16,09:39:44,62.050000000,100
US1.MSFT,0,12/12/16,09:39:52,62.040000000,200
US1.MSFT,0,12/12/16,09:39:52,62.040000000,200
US1.MSFT,0,12/12/16,09:39:52,62.040000000,100
US1.MSFT,0,12/12/16,09:39:52,62.040000000,100
US1.MSFT,0,12/12/16,09:39:55,62.060000000,100
US1.MSFT,0,12/12/16,09:39:55,62.070000000,100
US1.MSFT,0,12/12/16,09:39:55,62.070000000,100
US1.MSFT,0,12/12/16,09:39:57,62.040000000,100
US1.MSFT,0,12/12/16,09:39:57,62.040000000,100
US1.MSFT,0,12/12/16,09:39:57,62.050000000,100
US1.MSFT,0,12/12/16,09:39:58,62.060000000,100
US1.MSFT,0,12/12/16,09:39:58,62.060000000,100
US1.MSFT,0,12/12/16,09:40:01,62.050000000,100
US1.MSFT,0,12/12/16,09:40:01,62.050000000,100
US1.MSFT,0,12/12/16,09:40:01,62.050000000,100
US1.MSFT,0,12/12/16,09:40:01,62.050000000,400
US1.MSFT,0,12/12/16,09:40:05,62.050000000,100
US1.MSFT,0,12/12/16,09:40:05,62.050000000,100
US1.MSFT,0,12/12/16,09:40:05,62.050000000,100
US1.MSFT,0,12/12/16,09:40:08,62.060000000,100
US1.MSFT,0,12/12/16,09:40:10,62.080000000,100
US1.MSFT,0,12/12/16,09:40:10,62.080000000,100
US1.MSFT,0,12/12/16,09:40:10,62.080000000,100
US1.MSFT,0,12/12/16,09:40:10,62.080000000,100
US1.MSFT,0,12/12/16,09:40:10,62.080000000,100
US1.MSFT,0,12/12/16,09:40:10,62.080000000,100
US1.MSFT,0,12/12/16,09:40:10,62.080000000,100
US1.MSFT,0,12/12/16,09:40:10,62.080000000,100
US1.MSFT,0,12/12/16,09:40:10,62.075000000,100
US1.MSFT,0,12/12/16,09:40:10,62.070000000,100
US1.MSFT,0,12/12/16,09:40:12,62.070000000,100
US1.MSFT,0,12/12/16,09:40:12,62.070000000,100
US1.MSFT,0,12/12/16,09:40:16,62.055000000,200
US1.MSFT,0,12/12/16,09:40:16,62.055000000,200
US1.MSFT,0,12/12/16,09:40:16,62.050000000,100
US1.MSFT,0,12/12/16,09:40:16,62.050000000,100
US1.MSFT,0,12/12/16,09:40:17,62.055000000,100
US1.MSFT,0,12/12/16,09:40:17,62.050000000,100
US1.MSFT,0,12/12/16,09:40:17,62.050000000,100
US1.MSFT,0,12/12/16,09:40:17,62.050000000,200
US1.MSFT,0,12/12/16,09:40:19,62.040000000,100
US1.MSFT,0,12/12/16,09:40:19,62.030000000,100
US1.MSFT,0,12/12/16,09:40:19,62.030000000,200
US1.MSFT,0,12/12/16,09:40:19,62.030000000,300
US1.MSFT,0,12/12/16,09:40:19,62.030000000,100
US1.MSFT,0,12/12/16,09:40:26,62.020000000,100
US1.MSFT,0,12/12/16,09:40:26,62.020000000,100
US1.MSFT,0,12/12/16,09:40:27,62.010000000,100
US1.MSFT,0,12/12/16,09:40:28,62.020000000,100
US1.MSFT,0,12/12/16,09:40:31,62.020000000,100
US1.MSFT,0,12/12/16,09:40:31,62.020000000,100
US1.MSFT,0,12/12/16,09:40:37,62.010000000,100
US1.MSFT,0,12/12/16,09:40:42,62.000000000,100
US1.MSFT,0,12/12/16,09:40:42,62.000000000,100
US1.MSFT,0,12/12/16,09:40:46,62.000000000,100
US1.MSFT,0,12/12/16,09:40:59,61.990000000,100
US1.MSFT,0,12/12/16,09:41:03,61.980000000,100
US1.MSFT,0,12/12/16,09:41:07,61.960000000,100
US1.MSFT,0,12/12/16,09:41:07,61.960000000,200
US1.MSFT,0,12/12/16,09:41:17,61.940000000,100
US1.MSFT,0,12/12/16,09:41:23,61.910000000,200
US1.MSFT,0,12/12/16,09:41:23,61.910000000,100
US1.MSFT,0,12/12/16,09:41:23,61.910000000,100
US1.MSFT,0,12/12/16,09:41:23,61.910000000,100
US1.MSFT,0,12/12/16,09:41:23,61.910000000,100
US1.MSFT,0,12/12/16,09:41:23,61.910000000,100
US1.MSFT,0,12/12/16,09:41:23,61.910000000,200
US1.MSFT,0,12/12/16,09:41:23,61.910000000,100
US1.MSFT,0,12/12/16,09:41:23,61.910000000,400
US1.MSFT,0,12/12/16,09:41:24,61.900000000,100
US1.MSFT,0,12/12/16,09:41:24,61.900000000,100
US1.MSFT,0,12/12/16,09:41:24,61.900000000,100
US1.MSFT,0,12/12/16,09:41:24,61.900000000,100
US1.MSFT,0,12/12/16,09:41:25,61.900000000,100
US1.MSFT,0,12/12/16,09:41:25,61.900000000,100
US1.MSFT,0,12/12/16,09:41:29,61.900000000,100
US1.MSFT,0,12/12/16,09:41:31,61.910000000,100
US1.MSFT,0,12/12/16,09:41:31,61.910000000,100
US1.MSFT,0,12/12/16,09:41:31,61.910000000,100
US1.MSFT,0,12/12/16,09:41:31,61.910000000,100
US1.MSFT,0,12/12/16,09:41:31,61.910000000,100
US1.MSFT,0,12/12/16,09:41:31,61.910000000,100
US1.MSFT,0,12/12/16,09:41:31,61.910000000,100
US1.MSFT,0,12/12/16,09:41:32,61.910000000,100
US1.MSFT,0,12/12/16,09:41:32,61.910000000,100
US1.MSFT,0,12/12/16,09:41:36,61.900000000,100
US1.MSFT,0,12/12/16,09:41:36,61.900000000,100
US1.MSFT,0,12/12/16,09:41:37,61.900000000,100
US1.MSFT,0,12/12/16,09:41:42,61.900000000,100
US1.MSFT,0,12/12/16,09:41:42,61.900000000,100
US1.MSFT,0,12/12/16,09:41:42,61.900000000,100
US1.MSFT,0,12/12/16,09:41:42,61.900000000,100
US1.MSFT,0,12/12/16,09:41:42,61.900000000,100
US1.MSFT,0,12/12/16,09:41:47,61.900000000,100
US1.MSFT,0,12/12/16,09:41:49,61.900000000,100
US1.MSFT,0,12/12/16,09:41:50,61.900000000,100
US1.MSFT,0,12/12/16,09:41:56,61.870000000,100
US1.MSFT,0,12/12/16,09:41:57,61.860000000,100
US1.MSFT,0,12/12/16,09:41:57,61.860000000,100
US1.MSFT,0,12/12/16,09:42:00,61.860000000,200
US1.MSFT,0,12/12/16,09:42:00,61.860000000,100
US1.MSFT,0,12/12/16,09:42:05,61.860000000,100
US1.MSFT,0,12/12/16,09:42:05,61.860000000,100
US1.MSFT,0,12/12/16,09:42:06,61.860000000,100
US1.MSFT,0,12/12/16,09:42:07,61.860000000,100
US1.MSFT,0,12/12/16,09:42:07,61.860000000,100
US1.MSFT,0,12/12/16,09:42:15,61.860000000,200
US1.MSFT,0,12/12/16,09:42:15,61.860000000,200
US1.MSFT,0,12/12/16,09:42:15,61.860000000,200
US1.MSFT,0,12/12/16,09:42:17,61.840000000,100
US1.MSFT,0,12/12/16,09:42:17,61.840000000,100
US1.MSFT,0,12/12/16,09:42:24,61.850000000,100
US1.MSFT,0,12/12/16,09:42:24,61.850000000,100
US1.MSFT,0,12/12/16,09:42:24,61.850000000,100
US1.MSFT,0,12/12/16,09:42:24,61.850000000,100
US1.MSFT,0,12/12/16,09:42:25,61.870000000,100
US1.MSFT,0,12/12/16,09:42:26,61.870000000,100
US1.MSFT,0,12/12/16,09:42:38,61.880000000,100
US1.MSFT,0,12/12/16,09:42:44,61.880000000,100
US1.MSFT,0,12/12/16,09:42:57,61.870000000,200
US1.MSFT,0,12/12/16,09:42:57,61.870000000,200
US1.MSFT,0,12/12/16,09:43:08,61.870000000,200
US1.MSFT,0,12/12/16,09:43:12,61.860000000,100
US1.MSFT,0,12/12/16,09:43:17,61.865000000,100
US1.MSFT,0,12/12/16,09:43:29,61.860000000,100
US1.MSFT,0,12/12/16,09:43:29,61.850000000,100
US1.MSFT,0,12/12/16,09:43:29,61.850000000,100
US1.MSFT,0,12/12/16,09:43:29,61.850000000,100
US1.MSFT,0,12/12/16,09:43:29,61.850000000,100
US1.MSFT,0,12/12/16,09:43:30,61.840000000,100
US1.MSFT,0,12/12/16,09:43:43,61.820000000,100
US1.MSFT,0,12/12/16,09:43:43,61.820000000,100
US1.MSFT,0,12/12/16,09:43:43,61.820000000,100
US1.MSFT,0,12/12/16,09:43:43,61.820000000,100
US1.MSFT,0,12/12/16,09:43:44,61.820000000,100
US1.MSFT,0,12/12/16,09:43:44,61.820000000,100
US1.MSFT,0,12/12/16,09:43:44,61.820000000,100
US1.MSFT,0,12/12/16,09:43:44,61.820000000,100
US1.MSFT,0,12/12/16,09:43:44,61.815000000,100
US1.MSFT,0,12/12/16,09:43:44,61.820000000,100
US1.MSFT,0,12/12/16,09:43:44,61.820000000,100
US1.MSFT,0,12/12/16,09:43:45,61.810000000,100
US1.MSFT,0,12/12/16,09:43:48,61.820000000,200
US1.MSFT,0,12/12/16,09:43:50,61.800000000,100
US1.MSFT,0,12/12/16,09:43:50,61.800000000,100
US1.MSFT,0,12/12/16,09:43:50,61.800000000,100
US1.MSFT,0,12/12/16,09:43:50,61.800000000,100
US1.MSFT,0,12/12/16,09:43:50,61.800000000,100
US1.MSFT,0,12/12/16,09:43:51,61.800000000,100
US1.MSFT,0,12/12/16,09:43:51,61.800000000,100
US1.MSFT,0,12/12/16,09:43:51,61.800000000,100
US1.MSFT,0,12/12/16,09:43:51,61.800000000,100
US1.MSFT,0,12/12/16,09:43:51,61.800000000,100
US1.MSFT,0,12/12/16,09:43:53,61.790000000,100
US1.MSFT,0,12/12/16,09:43:53,61.790000000,100
US1.MSFT,0,12/12/16,09:43:53,61.790000000,100
US1.MSFT,0,12/12/16,09:43:53,61.790000000,100
US1.MSFT,0,12/12/16,09:43:55,61.785000000,100
US1.MSFT,0,12/12/16,09:43:55,61.785000000,100
US1.MSFT,0,12/12/16,09:43:55,61.785000000,200
US1.MSFT,0,12/12/16,09:43:55,61.790000000,100
US1.MSFT,0,12/12/16,09:43:55,61.790000000,400
US1.MSFT,0,12/12/16,09:43:55,61.790000000,100
US1.MSFT,0,12/12/16,09:43:56,61.790000000,100
US1.MSFT,0,12/12/16,09:44:07,61.790000000,100
US1.MSFT,0,12/12/16,09:44:23,61.770000000,100
US1.MSFT,0,12/12/16,09:44:23,61.770000000,100
US1.MSFT,0,12/12/16,09:44:23,61.770000000,100
US1.MSFT,0,12/12/16,09:44:23,61.770000000,200
US1.MSFT,0,12/12/16,09:44:23,61.770000000,100
US1.MSFT,0,12/12/16,09:44:23,61.770000000,100
US1.MSFT,0,12/12/16,09:44:23,61.760000000,100
US1.MSFT,0,12/12/16,09:44:23,61.760000000,100
US1.MSFT,0,12/12/16,09:44:23,61.760000000,100
US1.MSFT,0,12/12/16,09:44:23,61.760000000,100
US1.MSFT,0,12/12/16,09:44:29,61.760000000,100
US1.MSFT,0,12/12/16,09:44:30,61.750000000,100
US1.MSFT,0,12/12/16,09:44:30,61.750000000,491
US1.MSFT,0,12/12/16,09:44:32,61.730000000,100
US1.MSFT,0,12/12/16,09:44:33,61.725000000,100
US1.MSFT,0,12/12/16,09:44:33,61.730000000,100
US1.MSFT,0,12/12/16,09:44:33,61.730000000,100
US1.MSFT,0,12/12/16,09:44:33,61.730000000,100
US1.MSFT,0,12/12/16,09:44:33,61.730000000,100
US1.MSFT,0,12/12/16,09:44:33,61.730000000,100
US1.MSFT,0,12/12/16,09:44:33,61.730000000,100
US1.MSFT,0,12/12/16,09:44:33,61.730000000,100
US1.MSFT,0,12/12/16,09:44:33,61.730000000,100
US1.MSFT,0,12/12/16,09:44:37,61.730000000,100
US1.MSFT,0,12/12/16,09:44:37,61.730000000,100
US1.MSFT,0,12/12/16,09:44:37,61.730000000,100
US1.MSFT,0,12/12/16,09:44:37,61.730000000,100
US1.MSFT,0,12/12/16,09:44:37,61.720000000,100
US1.MSFT,0,12/12/16,09:44:37,61.725000000,100
US1.MSFT,0,12/12/16,09:44:38,61.730000000,300
US1.MSFT,0,12/12/16,09:44:38,61.730000000,200
US1.MSFT,0,12/12/16,09:44:38,61.730000000,100
US1.MSFT,0,12/12/16,09:44:41,61.740000000,100
US1.MSFT,0,12/12/16,09:44:41,61.740000000,100
US1.MSFT,0,12/12/16,09:44:41,61.740000000,300
US1.MSFT,0,12/12/16,09:44:41,61.740000000,100
US1.MSFT,0,12/12/16,09:44:43,61.740000000,100
US1.MSFT,0,12/12/16,09:44:46,61.750000000,100
US1.MSFT,0,12/12/16,09:44:46,61.750000000,300
US1.MSFT,0,12/12/16,09:44:46,61.750000000,100
US1.MSFT,0,12/12/16,09:44:46,61.750000000,100
US1.MSFT,0,12/12/16,09:44:46,61.750000000,100
US1.MSFT,0,12/12/16,09:44:46,61.750000000,100
US1.MSFT,0,12/12/16,09:44:46,61.750000000,100
US1.MSFT,0,12/12/16,09:44:53,61.765000000,100
US1.MSFT,0,12/12/16,09:45:00,61.765000000,200
US1.MSFT,0,12/12/16,09:45:00,61.770000000,200
US1.MSFT,0,12/12/16,09:45:00,61.770000000,100
US1.MSFT,0,12/12/16,09:45:00,61.770000000,100
US1.MSFT,0,12/12/16,09:45:00,61.770000000,100
US1.MSFT,0,12/12/16,09:45:00,61.780000000,100
US1.MSFT,0,12/12/16,09:45:00,61.780000000,100
US1.MSFT,0,12/12/16,09:45:00,61.780000000,100
US1.MSFT,0,12/12/16,09:45:00,61.770000000,100
US1.MSFT,0,12/12/16,09:45:00,61.770000000,100
US1.MSFT,0,12/12/16,09:45:00,61.770000000,200
US1.MSFT,0,12/12/16,09:45:00,61.770000000,100
US1.MSFT,0,12/12/16,09:45:00,61.765000000,100
US1.MSFT,0,12/12/16,09:45:00,61.765000000,100
US1.MSFT,0,12/12/16,09:45:00,61.765000000,100
US1.MSFT,0,12/12/16,09:45:00,61.770000000,100
US1.MSFT,0,12/12/16,09:45:00,61.780000000,100
US1.MSFT,0,12/12/16,09:45:00,61.780000000,100
US1.MSFT,0,12/12/16,09:45:00,61.780000000,100
US1.MSFT,0,12/12/16,09:45:00,61.780000000,100
US1.MSFT,0,12/12/16,09:45:00,61.780000000,100
US1.MSFT,0,12/12/16,09:45:00,61.780000000,100
US1.MSFT,0,12/12/16,09:45:00,61.780000000,100
US1.MSFT,0,12/12/16,09:45:00,61.780000000,100
US1.MSFT,0,12/12/16,09:45:09,61.800000000,200
US1.MSFT,0,12/12/16,09:45:09,61.800000000,100
US1.MSFT,0,12/12/16,09:45:09,61.800000000,100
US1.MSFT,0,12/12/16,09:45:10,61.800000000,200
US1.MSFT,0,12/12/16,09:45:10,61.800000000,100
US1.MSFT,0,12/12/16,09:45:10,61.800000000,100
US1.MSFT,0,12/12/16,09:45:10,61.800000000,100
US1.MSFT,0,12/12/16,09:45:10,61.800000000,100
US1.MSFT,0,12/12/16,09:45:10,61.810000000,100
US1.MSFT,0,12/12/16,09:45:12,61.815000000,100
US1.MSFT,0,12/12/16,09:45:16,61.810000000,100
US1.MSFT,0,12/12/16,09:45:17,61.800000000,100
US1.MSFT,0,12/12/16,09:45:30,61.790000000,100
US1.MSFT,0,12/12/16,09:45:43,61.800000000,100
US1.MSFT,0,12/12/16,09:45:48,61.790000000,200
US1.MSFT,0,12/12/16,09:45:48,61.790000000,100
US1.MSFT,0,12/12/16,09:45:56,61.780000000,200
US1.MSFT,0,12/12/16,09:45:56,61.780000000,200
US1.MSFT,0,12/12/16,09:46:06,61.750000000,100
US1.MSFT,0,12/12/16,09:46:06,61.750000000,100
US1.MSFT,0,12/12/16,09:46:06,61.750000000,100
US1.MSFT,0,12/12/16,09:46:06,61.750000000,200
US1.MSFT,0,12/12/16,09:46:06,61.750000000,100
US1.MSFT,0,12/12/16,09:46:06,61.750000000,100
US1.MSFT,0,12/12/16,09:46:06,61.750000000,100
US1.MSFT,0,12/12/16,09:46:12,61.745000000,200
US1.MSFT,0,12/12/16,09:46:12,61.750000000,100
US1.MSFT,0,12/12/16,09:46:12,61.750000000,200
US1.MSFT,0,12/12/16,09:46:12,61.750000000,200
US1.MSFT,0,12/12/16,09:46:12,61.750000000,100
US1.MSFT,0,12/12/16,09:46:12,61.750000000,100
US1.MSFT,0,12/12/16,09:46:21,61.755000000,100
US1.MSFT,0,12/12/16,09:46:25,61.750000000,100
US1.MSFT,0,12/12/16,09:46:25,61.750000000,300
US1.MSFT,0,12/12/16,09:46:29,61.745000000,200
US1.MSFT,0,12/12/16,09:46:29,61.750000000,100
US1.MSFT,0,12/12/16,09:46:54,61.755000000,100
US1.MSFT,0,12/12/16,09:46:55,61.760000000,100
US1.MSFT,0,12/12/16,09:46:55,61.760000000,100
US1.MSFT,0,12/12/16,09:46:55,61.760000000,100
US1.MSFT,0,12/12/16,09:46:55,61.760000000,100
US1.MSFT,0,12/12/16,09:46:55,61.760000000,100
US1.MSFT,0,12/12/16,09:46:55,61.770000000,100
US1.MSFT,0,12/12/16,09:46:57,61.790000000,100
US1.MSFT,0,12/12/16,09:46:59,61.800000000,100
US1.MSFT,0,12/12/16,09:46:59,61.800000000,100
US1.MSFT,0,12/12/16,09:47:03,61.800000000,100
US1.MSFT,0,12/12/16,09:47:03,61.800000000,200
US1.MSFT,0,12/12/16,09:47:08,61.800000000,100
US1.MSFT,0,12/12/16,09:47:13,61.800000000,1200
US1.MSFT,0,12/12/16,09:47:13,61.795000000,100
US1.MSFT,0,12/12/16,09:47:16,61.800000000,100
US1.MSFT,0,12/12/16,09:47:16,61.800000000,100
US1.MSFT,0,12/12/16,09:47:16,61.810000000,100
US1.MSFT,0,12/12/16,09:47:19,61.830000000,100
US1.MSFT,0,12/12/16,09:47:19,61.830000000,300
US1.MSFT,0,12/12/16,09:47:19,61.830000000,100
US1.MSFT,0,12/12/16,09:47:19,61.830000000,100
US1.MSFT,0,12/12/16,09:47:19,61.830000000,100
US1.MSFT,0,12/12/16,09:47:19,61.820000000,100
US1.MSFT,0,12/12/16,09:47:30,61.835000000,100
US1.MSFT,0,12/12/16,09:47:33,61.830000000,100
US1.MSFT,0,12/12/16,09:47:34,61.840000000,100
US1.MSFT,0,12/12/16,09:47:34,61.840000000,100
US1.MSFT,0,12/12/16,09:47:34,61.840000000,100
US1.MSFT,0,12/12/16,09:47:34,61.840000000,100
US1.MSFT,0,12/12/16,09:47:34,61.840000000,100
US1.MSFT,0,12/12/16,09:47:42,61.870000000,100
US1.MSFT,0,12/12/16,09:47:42,61.870000000,100
US1.MSFT,0,12/12/16,09:47:42,61.870000000,100
US1.MSFT,0,12/12/16,09:47:42,61.870000000,100
US1.MSFT,0,12/12/16,09:47:43,61.870000000,100
US1.MSFT,0,12/12/16,09:47:43,61.870000000,100
US1.MSFT,0,12/12/16,09:47:43,61.870000000,100
US1.MSFT,0,12/12/16,09:47:45,61.870000000,100
US1.MSFT,0,12/12/16,09:47:52,61.890000000,100
US1.MSFT,0,12/12/16,09:47:52,61.890000000,100
US1.MSFT,0,12/12/16,09:47:52,61.890000000,100
US1.MSFT,0,12/12/16,09:47:54,61.900000000,100
US1.MSFT,0,12/12/16,09:47:54,61.900000000,100
US1.MSFT,0,12/12/16,09:47:54,61.900000000,100
US1.MSFT,0,12/12/16,09:48:00,61.920000000,100
US1.MSFT,0,12/12/16,09:48:00,61.920000000,100
US1.MSFT,0,12/12/16,09:48:00,61.920000000,100
US1.MSFT,0,12/12/16,09:48:01,61.920000000,100
US1.MSFT,0,12/12/16,09:48:01,61.920000000,100
US1.MSFT,0,12/12/16,09:48:04,61.920000000,100
US1.MSFT,0,12/12/16,09:48:04,61.920000000,100
US1.MSFT,0,12/12/16,09:48:08,61.920000000,100
US1.MSFT,0,12/12/16,09:48:08,61.920000000,100
US1.MSFT,0,12/12/16,09:48:17,61.930000000,100
US1.MSFT,0,12/12/16,09:48:20,61.920000000,100
US1.MSFT,0,12/12/16,09:48:20,61.920000000,100
US1.MSFT,0,12/12/16,09:48:21,61.910000000,100
US1.MSFT,0,12/12/16,09:48:22,61.910000000,100
US1.MSFT,0,12/12/16,09:48:28,61.880000000,100
US1.MSFT,0,12/12/16,09:48:32,61.880000000,100
US1.MSFT,0,12/12/16,09:48:32,61.880000000,500
US1.MSFT,0,12/12/16,09:48:32,61.880000000,100
US1.MSFT,0,12/12/16,09:48:32,61.880000000,100
US1.MSFT,0,12/12/16,09:48:32,61.880000000,100
US1.MSFT,0,12/12/16,09:48:32,61.880000000,100
US1.MSFT,0,12/12/16,09:48:32,61.880000000,100
US1.MSFT,0,12/12/16,09:48:32,61.880000000,100
US1.MSFT,0,12/12/16,09:48:32,61.880000000,100
US1.MSFT,0,12/12/16,09:48:34,61.870000000,100
US1.MSFT,0,12/12/16,09:48:36,61.860000000,100
US1.MSFT,0,12/12/16,09:48:36,61.860000000,100
US1.MSFT,0,12/12/16,09:48:36,61.860000000,100
US1.MSFT,0,12/12/16,09:48:39,61.850000000,100
US1.MSFT,0,12/12/16,09:48:39,61.850000000,100
US1.MSFT,0,12/12/16,09:48:39,61.850000000,100
US1.MSFT,0,12/12/16,09:48:39,61.850000000,100
US1.MSFT,0,12/12/16,09:48:39,61.850000000,100
US1.MSFT,0,12/12/16,09:48:42,61.840000000,100
US1.MSFT,0,12/12/16,09:48:42,61.840000000,100
US1.MSFT,0,12/12/16,09:48:43,61.835000000,100
US1.MSFT,0,12/12/16,09:48:43,61.835000000,100
US1.MSFT,0,12/12/16,09:48:43,61.830000000,100
US1.MSFT,0,12/12/16,09:48:43,61.830000000,100
US1.MSFT,0,12/12/16,09:48:43,61.830000000,100
US1.MSFT,0,12/12/16,09:48:53,61.880000000,100
US1.MSFT,0,12/12/16,09:48:53,61.880000000,100
US1.MSFT,0,12/12/16,09:48:53,61.880000000,100
US1.MSFT,0,12/12/16,09:48:53,61.880000000,100
US1.MSFT,0,12/12/16,09:48:53,61.880000000,100
US1.MSFT,0,12/12/16,09:48:53,61.880000000,100
US1.MSFT,0,12/12/16,09:48:53,61.880000000,200
US1.MSFT,0,12/12/16,09:48:53,61.880000000,100
US1.MSFT,0,12/12/16,09:48:53,61.880000000,200
US1.MSFT,0,12/12/16,09:48:53,61.880000000,100
US1.MSFT,0,12/12/16,09:48:53,61.880000000,100
US1.MSFT,0,12/12/16,09:48:56,61.860000000,100
US1.MSFT,0,12/12/16,09:49:01,61.860000000,100
US1.MSFT,0,12/12/16,09:49:02,61.860000000,100
US1.MSFT,0,12/12/16,09:49:04,61.860000000,100
US1.MSFT,0,12/12/16,09:49:11,61.855000000,100
US1.MSFT,0,12/12/16,09:49:11,61.860000000,100
US1.MSFT,0,12/12/16,09:49:11,61.860000000,100
US1.MSFT,0,12/12/16,09:49:11,61.860000000,100
US1.MSFT,0,12/12/16,09:49:11,61.860000000,100
US1.MSFT,0,12/12/16,09:49:11,61.860000000,100
US1.MSFT,0,12/12/16,09:49:11,61.860000000,100
US1.MSFT,0,12/12/16,09:49:11,61.860000000,100
US1.MSFT,0,12/12/16,09:49:11,61.860000000,100
US1.MSFT,0,12/12/16,09:49:21,61.840000000,100
US1.MSFT,0,12/12/16,09:49:21,61.840000000,100
US1.MSFT,0,12/12/16,09:49:22,61.835000000,100
US1.MSFT,0,12/12/16,09:49:22,61.840000000,100
US1.MSFT,0,12/12/16,09:49:22,61.840000000,100
US1.MSFT,0,12/12/16,09:49:22,61.840000000,100
US1.MSFT,0,12/12/16,09:49:29,61.820000000,183
US1.MSFT,0,12/12/16,09:49:32,61.820000000,100
US1.MSFT,0,12/12/16,09:49:32,61.820000000,119
US1.MSFT,0,12/12/16,09:49:32,61.820000000,381
US1.MSFT,0,12/12/16,09:49:36,61.825000000,100
US1.MSFT,0,12/12/16,09:49:39,61.820000000,100
US1.MSFT,0,12/12/16,09:49:40,61.820000000,100
US1.MSFT,0,12/12/16,09:49:40,61.820000000,100
US1.MSFT,0,12/12/16,09:49:46,61.830000000,100
US1.MSFT,0,12/12/16,09:49:46,61.830000000,100
US1.MSFT,0,12/12/16,09:49:46,61.830000000,100
US1.MSFT,0,12/12/16,09:49:46,61.830000000,100
US1.MSFT,0,12/12/16,09:49:46,61.830000000,100
US1.MSFT,0,12/12/16,09:49:47,61.840000000,100
US1.MSFT,0,12/12/16,09:49:48,61.860000000,100
US1.MSFT,0,12/12/16,09:49:48,61.860000000,100
US1.MSFT,0,12/12/16,09:49:48,61.860000000,100
US1.MSFT,0,12/12/16,09:49:48,61.870000000,100
US1.MSFT,0,12/12/16,09:49:55,61.860000000,100
US1.MSFT,0,12/12/16,09:49:55,61.860000000,100
US1.MSFT,0,12/12/16,09:49:55,61.860000000,100
US1.MSFT,0,12/12/16,09:49:55,61.860000000,100
US1.MSFT,0,12/12/16,09:49:57,61.870000000,100
US1.MSFT,0,12/12/16,09:49:57,61.870000000,100
US1.MSFT,0,12/12/16,09:49:57,61.880000000,299
US1.MSFT,0,12/12/16,09:50:01,61.880000000,301
US1.MSFT,0,12/12/16,09:50:01,61.880000000,100
US1.MSFT,0,12/12/16,09:50:01,61.880000000,100
US1.MSFT,0,12/12/16,09:50:01,61.880000000,100
US1.MSFT,0,12/12/16,09:50:01,61.880000000,100
US1.MSFT,0,12/12/16,09:50:01,61.880000000,100
US1.MSFT,0,12/12/16,09:50:01,61.880000000,100
US1.MSFT,0,12/12/16,09:50:01,61.890000000,100
US1.MSFT,0,12/12/16,09:50:01,61.890000000,100
US1.MSFT,0,12/12/16,09:50:01,61.890000000,100
US1.MSFT,0,12/12/16,09:50:01,61.890000000,100
US1.MSFT,0,12/12/16,09:50:06,61.880000000,100
US1.MSFT,0,12/12/16,09:50:06,61.880000000,100
US1.MSFT,0,12/12/16,09:50:08,61.880000000,100
US1.MSFT,0,12/12/16,09:50:08,61.880000000,100
US1.MSFT,0,12/12/16,09:50:08,61.880000000,100
US1.MSFT,0,12/12/16,09:50:09,61.885000000,100
US1.MSFT,0,12/12/16,09:50:09,61.890000000,100
US1.MSFT,0,12/12/16,09:50:09,61.890000000,100
US1.MSFT,0,12/12/16,09:50:09,61.890000000,100
US1.MSFT,0,12/12/16,09:50:09,61.900000000,100
US1.MSFT,0,12/12/16,09:50:12,61.890000000,100
US1.MSFT,0,12/12/16,09:50:12,61.900000000,100
US1.MSFT,0,12/12/16,09:50:14,61.905000000,100
US1.MSFT,0,12/12/16,09:50:15,61.910000000,100
US1.MSFT,0,12/12/16,09:50:19,61.910000000,100
US1.MSFT,0,12/12/16,09:50:20,61.925000000,100
US1.MSFT,0,12/12/16,09:50:22,61.920000000,100
US1.MSFT,0,12/12/16,09:50:22,61.920000000,100
US1.MSFT,0,12/12/16,09:50:23,61.910000000,100
US1.MSFT,0,12/12/16,09:50:23,61.910000000,100
US1.MSFT,0,12/12/16,09:50:27,61.920000000,100
US1.MSFT,0,12/12/16,09:50:27,61.925000000,100
US1.MSFT,0,12/12/16,09:50:29,61.925000000,100
US1.MSFT,0,12/12/16,09:50:29,61.920000000,200
US1.MSFT,0,12/12/16,09:50:29,61.920000000,100
US1.MSFT,0,12/12/16,09:50:29,61.920000000,100
US1.MSFT,0,12/12/16,09:50:29,61.920000000,100
US1.MSFT,0,12/12/16,09:50:29,61.920000000,100
US1.MSFT,0,12/12/16,09:50:34,61.920000000,100
US1.MSFT,0,12/12/16,09:50:34,61.920000000,100
US1.MSFT,0,12/12/16,09:50:35,61.920000000,100
US1.MSFT,0,12/12/16,09:50:35,61.920000000,100
US1.MSFT,0,12/12/16,09:50:36,61.910000000,100
US1.MSFT,0,12/12/16,09:50:36,61.910000000,100
US1.MSFT,0,12/12/16,09:50:36,61.910000000,100
US1.MSFT,0,12/12/16,09:50:38,61.910000000,100
US1.MSFT,0,12/12/16,09:50:38,61.900000000,100
US1.MSFT,0,12/12/16,09:50:38,61.900000000,100
US1.MSFT,0,12/12/16,09:50:38,61.900000000,100
US1.MSFT,0,12/12/16,09:50:38,61.900000000,100
US1.MSFT,0,12/12/16,09:50:40,61.900000000,100
US1.MSFT,0,12/12/16,09:50:40,61.900000000,100
US1.MSFT,0,12/12/16,09:50:41,61.900000000,100
US1.MSFT,0,12/12/16,09:50:41,61.900000000,100
US1.MSFT,0,12/12/16,09:50:41,61.900000000,100
US1.MSFT,0,12/12/16,09:50:44,61.910000000,100
US1.MSFT,0,12/12/16,09:50:44,61.910000000,100
US1.MSFT,0,12/12/16,09:50:58,61.910000000,200
US1.MSFT,0,12/12/16,09:50:58,61.910000000,100
US1.MSFT,0,12/12/16,09:50:58,61.910000000,200
US1.MSFT,0,12/12/16,09:50:58,61.910000000,100
US1.MSFT,0,12/12/16,09:50:59,61.920000000,100
US1.MSFT,0,12/12/16,09:50:59,61.930000000,100
US1.MSFT,0,12/12/16,09:50:59,61.930000000,100
US1.MSFT,0,12/12/16,09:50:59,61.930000000,100
US1.MSFT,0,12/12/16,09:50:59,61.930000000,100
US1.MSFT,0,12/12/16,09:50:59,61.930000000,200
US1.MSFT,0,12/12/16,09:50:59,61.930000000,100
US1.MSFT,0,12/12/16,09:50:59,61.930000000,100
US1.MSFT,0,12/12/16,09:50:59,61.930000000,100
US1.MSFT,0,12/12/16,09:50:59,61.930000000,100
US1.MSFT,0,12/12/16,09:50:59,61.930000000,100
US1.MSFT,0,12/12/16,09:50:59,61.930000000,500
US1.MSFT,0,12/12/16,09:51:01,61.920000000,100
US1.MSFT,0,12/12/16,09:51:06,61.900000000,100
US1.MSFT,0,12/12/16,09:51:10,61.905000000,200
US1.MSFT,0,12/12/16,09:51:10,61.910000000,100
US1.MSFT,0,12/12/16,09:51:10,61.910000000,100
US1.MSFT,0,12/12/16,09:51:12,61.920000000,100
US1.MSFT,0,12/12/16,09:51:12,61.920000000,100
US1.MSFT,0,12/12/16,09:51:13,61.930000000,100
US1.MSFT,0,12/12/16,09:51:19,61.910000000,100
US1.MSFT,0,12/12/16,09:51:19,61.910000000,100
US1.MSFT,0,12/12/16,09:51:19,61.910000000,100
US1.MSFT,0,12/12/16,09:51:21,61.920000000,100
US1.MSFT,0,12/12/16,09:51:24,61.930000000,100
US1.MSFT,0,12/12/16,09:51:24,61.930000000,100
US1.MSFT,0,12/12/16,09:51:24,61.940000000,100
US1.MSFT,0,12/12/16,09:51:24,61.940000000,100
US1.MSFT,0,12/12/16,09:51:34,61.970000000,100
US1.MSFT,0,12/12/16,09:51:36,61.970000000,100
US1.MSFT,0,12/12/16,09:51:38,61.960000000,100
US1.MSFT,0,12/12/16,09:51:39,61.955000000,200
US1.MSFT,0,12/12/16,09:51:39,61.950000000,100
US1.MSFT,0,12/12/16,09:51:41,61.950000000,100
US1.MSFT,0,12/12/16,09:51:41,61.950000000,100
US1.MSFT,0,12/12/16,09:51:41,61.950000000,100
US1.MSFT,0,12/12/16,09:51:41,61.950000000,100
US1.MSFT,0,12/12/16,09:51:41,61.955000000,100
US1.MSFT,0,12/12/16,09:51:41,61.955000000,100
US1.MSFT,0,12/12/16,09:51:42,61.960000000,100
US1.MSFT,0,12/12/16,09:51:44,61.955000000,100
US1.MSFT,0,12/12/16,09:51:48,61.950000000,100
US1.MSFT,0,12/12/16,09:51:48,61.950000000,100
US1.MSFT,0,12/12/16,09:51:48,61.950000000,100
US1.MSFT,0,12/12/16,09:51:54,61.950000000,100
US1.MSFT,0,12/12/16,09:51:54,61.950000000,100
US1.MSFT,0,12/12/16,09:51:54,61.950000000,100
US1.MSFT,0,12/12/16,09:51:54,61.950000000,200
US1.MSFT,0,12/12/16,09:51:54,61.950000000,100
US1.MSFT,0,12/12/16,09:51:54,61.950000000,100
US1.MSFT,0,12/12/16,09:51:54,61.950000000,100
US1.MSFT,0,12/12/16,09:51:56,61.955000000,100
US1.MSFT,0,12/12/16,09:52:06,61.960000000,100
US1.MSFT,0,12/12/16,09:52:06,61.960000000,100
US1.MSFT,0,12/12/16,09:52:06,61.960000000,100
US1.MSFT,0,12/12/16,09:52:06,61.960000000,100
US1.MSFT,0,12/12/16,09:52:10,61.945000000,100
US1.MSFT,0,12/12/16,09:52:10,61.940000000,100
US1.MSFT,0,12/12/16,09:52:10,61.940000000,200
US1.MSFT,0,12/12/16,09:52:14,61.930000000,200
US1.MSFT,0,12/12/16,09:52:14,61.930000000,100
US1.MSFT,0,12/12/16,09:52:14,61.950000000,100
US1.MSFT,0,12/12/16,09:52:14,61.950000000,100
US1.MSFT,0,12/12/16,09:52:14,61.970000000,100
US1.MSFT,0,12/12/16,09:52:14,61.970000000,100
US1.MSFT,0,12/12/16,09:52:14,61.970000000,100
US1.MSFT,0,12/12/16,09:52:14,61.970000000,100
US1.MSFT,0,12/12/16,09:52:14,61.970000000,100
US1.MSFT,0,12/12/16,09:52:14,61.970000000,100
US1.MSFT,0,12/12/16,09:52:14,61.970000000,100
US1.MSFT,0,12/12/16,09:52:14,61.970000000,100
US1.MSFT,0,12/12/16,09:52:17,61.970000000,100
US1.MSFT,0,12/12/16,09:52:17,61.970000000,200
US1.MSFT,0,12/12/16,09:52:17,61.970000000,100
US1.MSFT,0,12/12/16,09:52:19,61.975000000,100
US1.MSFT,0,12/12/16,09:52:19,61.975000000,100
US1.MSFT,0,12/12/16,09:52:21,61.980000000,100
US1.MSFT,0,12/12/16,09:52:21,61.980000000,100
US1.MSFT,0,12/12/16,09:52:22,61.980000000,100
US1.MSFT,0,12/12/16,09:52:23,61.980000000,100
US1.MSFT,0,12/12/16,09:52:26,61.990000000,100
US1.MSFT,0,12/12/16,09:52:27,62.000000000,100
US1.MSFT,0,12/12/16,09:52:27,62.000000000,100
US1.MSFT,0,12/12/16,09:52:27,62.000000000,100
US1.MSFT,0,12/12/16,09:52:27,62.000000000,100
US1.MSFT,0,12/12/16,09:52:27,62.000000000,400
US1.MSFT,0,12/12/16,09:52:29,62.000000000,200
US1.MSFT,0,12/12/16,09:52:31,62.025000000,100
US1.MSFT,0,12/12/16,09:52:31,62.025000000,100
US1.MSFT,0,12/12/16,09:52:31,62.020000000,200
US1.MSFT,0,12/12/16,09:52:31,62.030000000,100
US1.MSFT,0,12/12/16,09:52:31,62.035000000,100
US1.MSFT,0,12/12/16,09:52:31,62.040000000,100
US1.MSFT,0,12/12/16,09:52:32,62.050000000,100
US1.MSFT,0,12/12/16,09:52:33,62.040000000,100
US1.MSFT,0,12/12/16,09:52:37,62.040000000,100
US1.MSFT,0,12/12/16,09:52:37,62.040000000,700
US1.MSFT,0,12/12/16,09:52:37,62.040000000,100
US1.MSFT,0,12/12/16,09:52:40,62.020000000,100
US1.MSFT,0,12/12/16,09:52:44,62.020000000,100
US1.MSFT,0,12/12/16,09:52:44,62.020000000,197
US1.MSFT,0,12/12/16,09:52:55,62.020000000,100
US1.MSFT,0,12/12/16,09:52:55,62.025000000,100
US1.MSFT,0,12/12/16,09:52:58,62.020000000,100
US1.MSFT,0,12/12/16,09:52:58,62.020000000,100
US1.MSFT,0,12/12/16,09:53:03,62.030000000,100
US1.MSFT,0,12/12/16,09:53:03,62.030000000,100
US1.MSFT,0,12/12/16,09:53:03,62.030000000,100
US1.MSFT,0,12/12/16,09:53:09,62.030000000,100
US1.MSFT,0,12/12/16,09:53:14,62.020000000,200
US1.MSFT,0,12/12/16,09:53:18,62.010000000,100
US1.MSFT,0,12/12/16,09:53:25,62.020000000,100
US1.MSFT,0,12/12/16,09:53:25,62.020000000,100
US1.MSFT,0,12/12/16,09:53:25,62.020000000,100
US1.MSFT,0,12/12/16,09:53:29,62.030000000,697
US1.MSFT,0,12/12/16,09:53:29,62.040000000,100
US1.MSFT,0,12/12/16,09:53:29,62.040000000,100
US1.MSFT,0,12/12/16,09:53:33,62.030000000,100
US1.MSFT,0,12/12/16,09:53:41,62.020000000,100
US1.MSFT,0,12/12/16,09:53:41,62.020000000,100
US1.MSFT,0,12/12/16,09:53:44,62.030000000,100
US1.MSFT,0,12/12/16,09:53:44,62.030000000,100
US1.MSFT,0,12/12/16,09:53:44,62.030000000,100
US1.MSFT,0,12/12/16,09:53:44,62.030000000,100
US1.MSFT,0,12/12/16,09:53:44,62.030000000,100
US1.MSFT,0,12/12/16,09:53:44,62.030000000,100
US1.MSFT,0,12/12/16,09:53:44,62.030000000,100
US1.MSFT,0,12/12/16,09:53:44,62.030000000,100
US1.MSFT,0,12/12/16,09:53:46,62.040000000,100
US1.MSFT,0,12/12/16,09:53:47,62.040000000,100
US1.MSFT,0,12/12/16,09:53:47,62.040000000,100
US1.MSFT,0,12/12/16,09:53:47,62.040000000,100
US1.MSFT,0,12/12/16,09:53:47,62.040000000,100
US1.MSFT,0,12/12/16,09:53:48,62.030000000,100
US1.MSFT,0,12/12/16,09:53:54,62.030000000,100
US1.MSFT,0,12/12/16,09:53:54,62.030000000,100
US1.MSFT,0,12/12/16,09:53:54,62.035000000,100
US1.MSFT,0,12/12/16,09:53:54,62.040000000,200
US1.MSFT,0,12/12/16,09:53:54,62.040000000,100
US1.MSFT,0,12/12/16,09:53:55,62.030000000,100
US1.MSFT,0,12/12/16,09:53:57,62.040000000,100
US1.MSFT,0,12/12/16,09:54:01,62.045000000,100
US1.MSFT,0,12/12/16,09:54:01,62.050000000,100
US1.MSFT,0,12/12/16,09:54:01,62.050000000,100
US1.MSFT,0,12/12/16,09:54:05,62.040000000,100
US1.MSFT,0,12/12/16,09:54:07,62.030000000,100
US1.MSFT,0,12/12/16,09:54:09,62.030000000,100
US1.MSFT,0,12/12/16,09:54:10,62.040000000,100
US1.MSFT,0,12/12/16,09:54:13,62.040000000,100
US1.MSFT,0,12/12/16,09:54:18,62.040000000,100
US1.MSFT,0,12/12/16,09:54:18,62.040000000,100
US1.MSFT,0,12/12/16,09:54:18,62.040000000,502
US1.MSFT,0,12/12/16,09:54:18,62.040000000,100
US1.MSFT,0,12/12/16,09:54:18,62.040000000,100
US1.MSFT,0,12/12/16,09:54:18,62.040000000,100
US1.MSFT,0,12/12/16,09:54:18,62.040000000,100
US1.MSFT,0,12/12/16,09:54:18,62.040000000,100
US1.MSFT,0,12/12/16,09:54:20,62.030000000,100
US1.MSFT,0,12/12/16,09:54:20,62.030000000,100
US1.MSFT,0,12/12/16,09:54:20,62.030000000,100
US1.MSFT,0,12/12/16,09:54:20,62.030000000,100
US1.MSFT,0,12/12/16,09:54:21,62.030000000,100
US1.MSFT,0,12/12/16,09:54:21,62.030000000,100
US1.MSFT,0,12/12/16,09:54:22,62.025000000,100
US1.MSFT,0,12/12/16,09:54:26,62.025000000,100
US1.MSFT,0,12/12/16,09:54:26,62.025000000,100
US1.MSFT,0,12/12/16,09:54:30,62.020000000,100
US1.MSFT,0,12/12/16,09:54:32,62.020000000,100
US1.MSFT,0,12/12/16,09:54:32,62.020000000,100
US1.MSFT,0,12/12/16,09:54:35,62.020000000,100
US1.MSFT,0,12/12/16,09:54:35,62.020000000,100
US1.MSFT,0,12/12/16,09:54:35,62.010000000,100
US1.MSFT,0,12/12/16,09:54:35,62.010000000,100
US1.MSFT,0,12/12/16,09:54:35,62.010000000,100
US1.MSFT,0,12/12/16,09:54:35,62.010000000,100
US1.MSFT,0,12/12/16,09:54:35,62.010000000,100
US1.MSFT,0,12/12/16,09:54:35,62.010000000,100
US1.MSFT,0,12/12/16,09:54:46,62.020000000,100
US1.MSFT,0,12/12/16,09:54:49,62.020000000,100
US1.MSFT,0,12/12/16,09:54:49,62.020000000,100
US1.MSFT,0,12/12/16,09:54:49,62.020000000,100
US1.MSFT,0,12/12/16,09:54:52,62.030000000,100
US1.MSFT,0,12/12/16,09:54:52,62.030000000,100
US1.MSFT,0,12/12/16,09:54:55,62.030000000,100
US1.MSFT,0,12/12/16,09:54:55,62.030000000,100
US1.MSFT,0,12/12/16,09:54:55,62.030000000,100
US1.MSFT,0,12/12/16,09:54:55,62.030000000,200
US1.MSFT,0,12/12/16,09:55:00,62.030000000,100
US1.MSFT,0,12/12/16,09:55:04,62.040000000,100
US1.MSFT,0,12/12/16,09:55:04,62.040000000,100
US1.MSFT,0,12/12/16,09:55:12,62.040000000,100
US1.MSFT,0,12/12/16,09:55:21,62.025000000,100
US1.MSFT,0,12/12/16,09:55:21,62.025000000,100
US1.MSFT,0,12/12/16,09:55:21,62.030000000,100
US1.MSFT,0,12/12/16,09:55:21,62.030000000,100
US1.MSFT,0,12/12/16,09:55:21,62.030000000,100
US1.MSFT,0,12/12/16,09:55:21,62.030000000,100
US1.MSFT,0,12/12/16,09:55:21,62.030000000,100
US1.MSFT,0,12/12/16,09:55:21,62.040000000,100
US1.MSFT,0,12/12/16,09:55:21,62.040000000,100
US1.MSFT,0,12/12/16,09:55:29,62.025000000,100
US1.MSFT,0,12/12/16,09:55:29,62.025000000,100
US1.MSFT,0,12/12/16,09:55:29,62.020000000,100
US1.MSFT,0,12/12/16,09:55:29,62.020000000,100
US1.MSFT,0,12/12/16,09:55:29,62.020000000,100
US1.MSFT,0,12/12/16,09:55:38,62.030000000,100
US1.MSFT,0,12/12/16,09:55:43,62.030000000,100
US1.MSFT,0,12/12/16,09:55:44,62.020000000,100
US1.MSFT,0,12/12/16,09:55:44,62.020000000,103
US1.MSFT,0,12/12/16,09:55:44,62.020000000,397
US1.MSFT,0,12/12/16,09:55:49,62.030000000,100
US1.MSFT,0,12/12/16,09:55:50,62.010000000,100
US1.MSFT,0,12/12/16,09:55:50,62.010000000,100
US1.MSFT,0,12/12/16,09:55:50,62.010000000,100
US1.MSFT,0,12/12/16,09:55:50,62.010000000,100
US1.MSFT,0,12/12/16,09:55:50,62.010000000,100
US1.MSFT,0,12/12/16,09:55:50,62.020000000,100
US1.MSFT,0,12/12/16,09:55:52,62.030000000,100
US1.MSFT,0,12/12/16,09:55:52,62.030000000,100
US1.MSFT,0,12/12/16,09:55:56,62.030000000,100
US1.MSFT,0,12/12/16,09:55:58,62.020000000,100
US1.MSFT,0,12/12/16,09:55:58,62.020000000,100
US1.MSFT,0,12/12/16,09:55:58,62.020000000,100
US1.MSFT,0,12/12/16,09:56:04,62.010000000,100
US1.MSFT,0,12/12/16,09:56:06,62.000000000,100
US1.MSFT,0,12/12/16,09:56:06,62.000000000,100
US1.MSFT,0,12/12/16,09:56:06,62.000000000,100
US1.MSFT,0,12/12/16,09:56:06,62.000000000,100
US1.MSFT,0,12/12/16,09:56:06,61.990000000,100
US1.MSFT,0,12/12/16,09:56:06,62.000000000,100
US1.MSFT,0,12/12/16,09:56:06,62.000000000,100
US1.MSFT,0,12/12/16,09:56:06,62.000000000,100
US1.MSFT,0,12/12/16,09:56:06,62.000000000,100
US1.MSFT,0,12/12/16,09:56:06,62.000000000,100
US1.MSFT,0,12/12/16,09:56:06,62.000000000,100
US1.MSFT,0,12/12/16,09:56:06,62.005000000,100
US1.MSFT,0,12/12/16,09:56:06,62.005000000,100
US1.MSFT,0,12/12/16,09:56:06,62.010000000,200
US1.MSFT,0,12/12/16,09:56:06,62.010000000,100
US1.MSFT,0,12/12/16,09:56:06,62.010000000,100
US1.MSFT,0,12/12/16,09:56:06,62.010000000,100
US1.MSFT,0,12/12/16,09:56:06,62.010000000,100
US1.MSFT,0,12/12/16,09:56:07,62.010000000,100
US1.MSFT,0,12/12/16,09:56:07,62.010000000,100
US1.MSFT,0,12/12/16,09:56:07,62.010000000,100
US1.MSFT,0,12/12/16,09:56:07,62.010000000,100
US1.MSFT,0,12/12/16,09:56:10,62.020000000,100
US1.MSFT,0,12/12/16,09:56:14,62.010000000,200
US1.MSFT,0,12/12/16,09:56:14,62.015000000,100
US1.MSFT,0,12/12/16,09:56:14,62.020000000,100
US1.MSFT,0,12/12/16,09:56:14,62.020000000,100
US1.MSFT,0,12/12/16,09:56:14,62.020000000,100
US1.MSFT,0,12/12/16,09:56:18,62.020000000,200
US1.MSFT,0,12/12/16,09:56:27,62.030000000,100
US1.MSFT,0,12/12/16,09:56:27,62.020000000,200
US1.MSFT,0,12/12/16,09:56:27,62.020000000,200
US1.MSFT,0,12/12/16,09:56:27,62.020000000,100
US1.MSFT,0,12/12/16,09:56:31,62.020000000,100
US1.MSFT,0,12/12/16,09:56:31,62.020000000,300
US1.MSFT,0,12/12/16,09:56:32,62.010000000,100
US1.MSFT,0,12/12/16,09:56:33,62.020000000,100
US1.MSFT,0,12/12/16,09:56:37,62.020000000,100
US1.MSFT,0,12/12/16,09:56:40,62.015000000,100
US1.MSFT,0,12/12/16,09:56:40,62.015000000,100
US1.MSFT,0,12/12/16,09:56:40,62.020000000,100
US1.MSFT,0,12/12/16,09:56:40,62.020000000,100
US1.MSFT,0,12/12/16,09:56:41,62.020000000,100
US1.MSFT,0,12/12/16,09:56:45,62.025000000,100
US1.MSFT,0,12/12/16,09:56:45,62.030000000,100
US1.MSFT,0,12/12/16,09:56:45,62.030000000,100
US1.MSFT,0,12/12/16,09:56:46,62.025000000,100
US1.MSFT,0,12/12/16,09:56:46,62.025000000,100
US1.MSFT,0,12/12/16,09:56:47,62.030000000,100
US1.MSFT,0,12/12/16,09:56:47,62.030000000,100
US1.MSFT,0,12/12/16,09:56:50,62.030000000,200
US1.MSFT,0,12/12/16,09:56:55,62.020000000,100
US1.MSFT,0,12/12/16,09:57:01,62.020000000,100
US1.MSFT,0,12/12/16,09:57:02,62.030000000,100
US1.MSFT,0,12/12/16,09:57:02,62.030000000,100
US1.MSFT,0,12/12/16,09:57:02,62.035000000,100
US1.MSFT,0,12/12/16,09:57:02,62.040000000,100
US1.MSFT,0,12/12/16,09:57:02,62.040000000,100
US1.MSFT,0,12/12/16,09:57:02,62.040000000,100
US1.MSFT,0,12/12/16,09:57:05,62.020000000,100
US1.MSFT,0,12/12/16,09:57:05,62.020000000,100
US1.MSFT,0,12/12/16,09:57:05,62.020000000,100
US1.MSFT,0,12/12/16,09:57:05,62.010000000,200
US1.MSFT,0,12/12/16,09:57:05,62.010000000,100
US1.MSFT,0,12/12/16,09:57:05,62.010000000,100
US1.MSFT,0,12/12/16,09:57:05,62.010000000,100
US1.MSFT,0,12/12/16,09:57:05,62.010000000,100
US1.MSFT,0,12/12/16,09:57:07,62.020000000,100
US1.MSFT,0,12/12/16,09:57:09,62.020000000,100
US1.MSFT,0,12/12/16,09:57:11,62.020000000,100
US1.MSFT,0,12/12/16,09:57:18,62.040000000,200
US1.MSFT,0,12/12/16,09:57:18,62.040000000,100
US1.MSFT,0,12/12/16,09:57:18,62.040000000,100
US1.MSFT,0,12/12/16,09:57:21,62.035000000,100
US1.MSFT,0,12/12/16,09:57:21,62.040000000,100
US1.MSFT,0,12/12/16,09:57:21,62.040000000,100
US1.MSFT,0,12/12/16,09:57:31,62.040000000,100
US1.MSFT,0,12/12/16,09:57:39,62.020000000,100
US1.MSFT,0,12/12/16,09:57:44,62.020000000,100
US1.MSFT,0,12/12/16,09:57:46,62.010000000,100
US1.MSFT,0,12/12/16,09:57:46,62.010000000,300
US1.MSFT,0,12/12/16,09:57:47,62.010000000,100
US1.MSFT,0,12/12/16,09:57:47,62.010000000,100
US1.MSFT,0,12/12/16,09:57:49,62.010000000,100
US1.MSFT,0,12/12/16,09:57:51,62.015000000,100
US1.MSFT,0,12/12/16,09:57:51,62.020000000,100
US1.MSFT,0,12/12/16,09:57:51,62.020000000,100
US1.MSFT,0,12/12/16,09:57:51,62.020000000,100
US1.MSFT,0,12/12/16,09:57:51,62.020000000,100
US1.MSFT,0,12/12/16,09:57:51,62.020000000,100
US1.MSFT,0,12/12/16,09:57:56,62.030000000,100
US1.MSFT,0,12/12/16,09:57:56,62.030000000,100
US1.MSFT,0,12/12/16,09:58:00,62.040000000,100
US1.MSFT,0,12/12/16,09:58:00,62.040000000,100
US1.MSFT,0,12/12/16,09:58:06,62.020000000,100
US1.MSFT,0,12/12/16,09:58:06,62.020000000,100
US1.MSFT,0,12/12/16,09:58:12,62.020000000,100
US1.MSFT,0,12/12/16,09:58:13,62.020000000,200
US1.MSFT,0,12/12/16,09:58:15,62.025000000,100
US1.MSFT,0,12/12/16,09:58:15,62.025000000,100
US1.MSFT,0,12/12/16,09:58:16,62.030000000,100
US1.MSFT,0,12/12/16,09:58:17,62.040000000,100
US1.MSFT,0,12/12/16,09:58:17,62.040000000,100
US1.MSFT,0,12/12/16,09:58:21,62.030000000,100
US1.MSFT,0,12/12/16,09:58:21,62.030000000,100
US1.MSFT,0,12/12/16,09:58:35,62.020000000,100
US1.MSFT,0,12/12/16,09:58:40,62.010000000,100
US1.MSFT,0,12/12/16,09:58:42,62.000000000,100
US1.MSFT,0,12/12/16,09:59:12,62.005000000,100
US1.MSFT,0,12/12/16,09:59:12,62.005000000,100
US1.MSFT,0,12/12/16,09:59:12,62.000000000,100
US1.MSFT,0,12/12/16,09:59:12,62.000000000,100
US1.MSFT,0,12/12/16,09:59:12,62.000000000,100
US1.MSFT,0,12/12/16,09:59:12,62.000000000,100
US1.MSFT,0,12/12/16,09:59:16,62.010000000,100
US1.MSFT,0,12/12/16,09:59:16,62.010000000,100
US1.MSFT,0,12/12/16,09:59:16,62.010000000,100
US1.MSFT,0,12/12/16,09:59:16,62.010000000,100
US1.MSFT,0,12/12/16,09:59:16,62.010000000,100
US1.MSFT,0,12/12/16,09:59:16,62.010000000,100
US1.MSFT,0,12/12/16,09:59:16,62.010000000,100
US1.MSFT,0,12/12/16,09:59:16,62.010000000,100
US1.MSFT,0,12/12/16,09:59:17,62.025000000,100
US1.MSFT,0,12/12/16,09:59:17,62.030000000,180
US1.MSFT,0,12/12/16,09:59:17,62.030000000,100
US1.MSFT,0,12/12/16,09:59:19,62.020000000,100
US1.MSFT,0,12/12/16,09:59:19,62.020000000,200
US1.MSFT,0,12/12/16,09:59:22,61.990000000,100
US1.MSFT,0,12/12/16,09:59:22,61.990000000,100
US1.MSFT,0,12/12/16,09:59:22,61.990000000,100
US1.MSFT,0,12/12/16,09:59:24,62.000000000,100
US1.MSFT,0,12/12/16,09:59:25,62.010000000,100
US1.MSFT,0,12/12/16,09:59:25,62.010000000,100
US1.MSFT,0,12/12/16,09:59:25,62.010000000,100
US1.MSFT,0,12/12/16,09:59:27,62.015000000,100
US1.MSFT,0,12/12/16,09:59:29,62.020000000,100
US1.MSFT,0,12/12/16,09:59:29,62.020000000,100
US1.MSFT,0,12/12/16,09:59:30,62.020000000,100
US1.MSFT,0,12/12/16,09:59:30,62.020000000,100
US1.MSFT,0,12/12/16,09:59:34,62.020000000,100
US1.MSFT,0,12/12/16,09:59:40,62.040000000,100
US1.MSFT,0,12/12/16,09:59:42,62.040000000,100
US1.MSFT,0,12/12/16,09:59:45,62.045000000,100
US1.MSFT,0,12/12/16,09:59:51,62.040000000,100
US1.MSFT,0,12/12/16,09:59:51,62.040000000,100
US1.MSFT,0,12/12/16,09:59:55,62.030000000,100
US1.MSFT,0,12/12/16,09:59:55,62.040000000,100
US1.MSFT,0,12/12/16,09:59:56,62.040000000,100
US1.MSFT,0,12/12/16,09:59:56,62.040000000,100
US1.MSFT,0,12/12/16,09:59:56,62.040000000,100
US1.MSFT,0,12/12/16,09:59:56,62.040000000,100
US1.MSFT,0,12/12/16,09:59:59,62.050000000,100
US1.MSFT,0,12/12/16,10:00:00,62.045000000,100
US1.MSFT,0,12/12/16,10:00:00,62.045000000,100
US1.MSFT,0,12/12/16,10:00:00,62.045000000,100
US1.MSFT,0,12/12/16,10:00:00,62.040000000,100
US1.MSFT,0,12/12/16,10:00:00,62.040000000,100
US1.MSFT,0,12/12/16,10:00:00,62.040000000,100
US1.MSFT,0,12/12/16,10:00:00,62.030000000,100
US1.MSFT,0,12/12/16,10:00:00,62.030000000,100
US1.MSFT,0,12/12/16,10:00:01,62.040000000,100
US1.MSFT,0,12/12/16,10:00:01,62.040000000,100
US1.MSFT,0,12/12/16,10:00:01,62.040000000,100
US1.MSFT,0,12/12/16,10:00:01,62.040000000,100
US1.MSFT,0,12/12/16,10:00:01,62.040000000,100
US1.MSFT,0,12/12/16,10:00:01,62.040000000,100
US1.MSFT,0,12/12/16,10:00:01,62.040000000,100
US1.MSFT,0,12/12/16,10:00:01,62.040000000,100
US1.MSFT,0,12/12/16,10:00:01,62.050000000,100
US1.MSFT,0,12/12/16,10:00:01,62.050000000,100
US1.MSFT,0,12/12/16,10:00:01,62.050000000,100
US1.MSFT,0,12/12/16,10:00:01,62.050000000,100
US1.MSFT,0,12/12/16,10:00:01,62.050000000,100
US1.MSFT,0,12/12/16,10:00:01,62.050000000,100
US1.MSFT,0,12/12/16,10:00:01,62.050000000,100
US1.MSFT,0,12/12/16,10:00:01,62.050000000,100
US1.MSFT,0,12/12/16,10:00:01,62.050000000,159
US1.MSFT,0,12/12/16,10:00:01,62.050000000,141
US1.MSFT,0,12/12/16,10:00:01,62.050000000,100
US1.MSFT,0,12/12/16,10:00:01,62.050000000,100
US1.MSFT,0,12/12/16,10:00:01,62.050000000,100
US1.MSFT,0,12/12/16,10:00:02,62.050000000,100
US1.MSFT,0,12/12/16,10:00:02,62.050000000,100
US1.MSFT,0,12/12/16,10:00:02,62.050000000,100
US1.MSFT,0,12/12/16,10:00:02,62.050000000,100
US1.MSFT,0,12/12/16,10:00:03,62.060000000,100
US1.MSFT,0,12/12/16,10:00:03,62.060000000,200
US1.MSFT,0,12/12/16,10:00:03,62.060000000,100
US1.MSFT,0,12/12/16,10:00:04,62.060000000,100
US1.MSFT,0,12/12/16,10:00:04,62.060000000,100
US1.MSFT,0,12/12/16,10:00:04,62.060000000,100
US1.MSFT,0,12/12/16,10:00:04,62.060000000,100
US1.MSFT,0,12/12/16,10:00:04,62.060000000,100
US1.MSFT,0,12/12/16,10:00:04,62.060000000,200
US1.MSFT,0,12/12/16,10:00:04,62.060000000,100
US1.MSFT,0,12/12/16,10:00:04,62.060000000,100
US1.MSFT,0,12/12/16,10:00:08,62.060000000,100
US1.MSFT,0,12/12/16,10:00:08,62.070000000,100
US1.MSFT,0,12/12/16,10:00:08,62.070000000,100
US1.MSFT,0,12/12/16,10:00:08,62.070000000,100
US1.MSFT,0,12/12/16,10:00:08,62.070000000,100
US1.MSFT,0,12/12/16,10:00:08,62.070000000,100
US1.MSFT,0,12/12/16,10:00:08,62.070000000,200
US1.MSFT,0,12/12/16,10:00:08,62.070000000,100
US1.MSFT,0,12/12/16,10:00:08,62.070000000,100
US1.MSFT,0,12/12/16,10:00:08,62.070000000,100
US1.MSFT,0,12/12/16,10:00:08,62.070000000,100
US1.MSFT,0,12/12/16,10:00:08,62.070000000,100
US1.MSFT,0,12/12/16,10:00:15,62.070000000,100
US1.MSFT,0,12/12/16,10:00:15,62.070000000,100
US1.MSFT,0,12/12/16,10:00:15,62.070000000,100
US1.MSFT,0,12/12/16,10:00:15,62.070000000,100
US1.MSFT,0,12/12/16,10:00:25,62.060000000,100
US1.MSFT,0,12/12/16,10:00:25,62.060000000,100
US1.MSFT,0,12/12/16,10:00:25,62.060000000,100
US1.MSFT,0,12/12/16,10:00:27,62.060000000,100
US1.MSFT,0,12/12/16,10:00:32,62.040000000,100
US1.MSFT,0,12/12/16,10:00:33,62.030000000,100
US1.MSFT,0,12/12/16,10:00:34,62.050000000,100
US1.MSFT,0,12/12/16,10:00:34,62.050000000,100
US1.MSFT,0,12/12/16,10:00:34,62.050000000,100
US1.MSFT,0,12/12/16,10:00:41,62.060000000,100
US1.MSFT,0,12/12/16,10:00:45,62.065000000,100
US1.MSFT,0,12/12/16,10:00:45,62.065000000,100
US1.MSFT,0,12/12/16,10:00:46,62.065000000,100
US1.MSFT,0,12/12/16,10:00:48,62.065000000,100
US1.MSFT,0,12/12/16,10:00:51,62.070000000,100
US1.MSFT,0,12/12/16,10:00:58,62.070000000,100
US1.MSFT,0,12/12/16,10:01:00,62.060000000,100
US1.MSFT,0,12/12/16,10:01:04,62.070000000,100
US1.MSFT,0,12/12/16,10:01:04,62.070000000,100
US1.MSFT,0,12/12/16,10:01:06,62.070000000,100
US1.MSFT,0,12/12/16,10:01:06,62.070000000,100
US1.MSFT,0,12/12/16,10:01:07,62.070000000,100
US1.MSFT,0,12/12/16,10:01:07,62.070000000,100
US1.MSFT,0,12/12/16,10:01:07,62.070000000,100
US1.MSFT,0,12/12/16,10:01:07,62.070000000,100
US1.MSFT,0,12/12/16,10:01:08,62.080000000,100
US1.MSFT,0,12/12/16,10:01:08,62.080000000,100
US1.MSFT,0,12/12/16,10:01:12,62.070000000,100
US1.MSFT,0,12/12/16,10:01:12,62.070000000,100
US1.MSFT,0,12/12/16,10:01:16,62.060000000,100
US1.MSFT,0,12/12/16,10:01:23,62.050000000,400
US1.MSFT,0,12/12/16,10:01:23,62.050000000,100
US1.MSFT,0,12/12/16,10:01:23,62.050000000,100
US1.MSFT,0,12/12/16,10:01:23,62.060000000,100
US1.MSFT,0,12/12/16,10:01:23,62.060000000,100
US1.MSFT,0,12/12/16,10:01:23,62.060000000,100
US1.MSFT,0,12/12/16,10:01:23,62.060000000,100
US1.MSFT,0,12/12/16,10:01:23,62.070000000,100
US1.MSFT,0,12/12/16,10:01:23,62.070000000,100
US1.MSFT,0,12/12/16,10:01:23,62.070000000,100
US1.MSFT,0,12/12/16,10:01:23,62.070000000,100
US1.MSFT,0,12/12/16,10:01:23,62.070000000,100
US1.MSFT,0,12/12/16,10:01:23,62.070000000,300
US1.MSFT,0,12/12/16,10:01:23,62.070000000,100
US1.MSFT,0,12/12/16,10:01:23,62.070000000,100
US1.MSFT,0,12/12/16,10:01:23,62.070000000,100
US1.MSFT,0,12/12/16,10:01:23,62.080000000,100
US1.MSFT,0,12/12/16,10:01:23,62.080000000,100
US1.MSFT,0,12/12/16,10:01:23,62.080000000,100
US1.MSFT,0,12/12/16,10:01:23,62.080000000,100
US1.MSFT,0,12/12/16,10:01:23,62.080000000,100
US1.MSFT,0,12/12/16,10:01:23,62.080000000,100
US1.MSFT,0,12/12/16,10:01:23,62.090000000,100
US1.MSFT,0,12/12/16,10:01:23,62.090000000,100
US1.MSFT,0,12/12/16,10:01:24,62.090000000,100
US1.MSFT,0,12/12/16,10:01:24,62.090000000,100
US1.MSFT,0,12/12/16,10:01:24,62.090000000,100
US1.MSFT,0,12/12/16,10:01:25,62.090000000,100
US1.MSFT,0,12/12/16,10:01:26,62.095000000,100
US1.MSFT,0,12/12/16,10:01:28,62.100000000,100
US1.MSFT,0,12/12/16,10:01:28,62.100000000,100
US1.MSFT,0,12/12/16,10:01:28,62.100000000,100
US1.MSFT,0,12/12/16,10:01:28,62.100000000,100
US1.MSFT,0,12/12/16,10:01:28,62.105000000,100
US1.MSFT,0,12/12/16,10:01:28,62.110000000,100
US1.MSFT,0,12/12/16,10:01:28,62.110000000,250
US1.MSFT,0,12/12/16,10:01:28,62.110000000,100
US1.MSFT,0,12/12/16,10:01:30,62.110000000,100
US1.MSFT,0,12/12/16,10:01:33,62.115000000,100
US1.MSFT,0,12/12/16,10:01:34,62.130000000,100
US1.MSFT,0,12/12/16,10:01:34,62.130000000,100
US1.MSFT,0,12/12/16,10:01:34,62.130000000,200
US1.MSFT,0,12/12/16,10:01:34,62.130000000,166
US1.MSFT,0,12/12/16,10:01:34,62.130000000,234
US1.MSFT,0,12/12/16,10:01:39,62.120000000,100
US1.MSFT,0,12/12/16,10:01:39,62.120000000,100
US1.MSFT,0,12/12/16,10:01:39,62.120000000,100
US1.MSFT,0,12/12/16,10:01:39,62.120000000,100
US1.MSFT,0,12/12/16,10:01:39,62.120000000,100
US1.MSFT,0,12/12/16,10:01:39,62.120000000,100
US1.MSFT,0,12/12/16,10:01:45,62.115000000,100
US1.MSFT,0,12/12/16,10:01:49,62.120000000,100
US1.MSFT,0,12/12/16,10:01:49,62.120000000,100
US1.MSFT,0,12/12/16,10:01:49,62.120000000,100
US1.MSFT,0,12/12/16,10:01:49,62.120000000,100
US1.MSFT,0,12/12/16,10:01:49,62.120000000,100
US1.MSFT,0,12/12/16,10:01:49,62.120000000,100
US1.MSFT,0,12/12/16,10:01:49,62.120000000,100
US1.MSFT,0,12/12/16,10:01:49,62.120000000,100
US1.MSFT,0,12/12/16,10:01:49,62.120000000,100
US1.MSFT,0,12/12/16,10:01:51,62.130000000,100
US1.MSFT,0,12/12/16,10:01:51,62.130000000,100
US1.MSFT,0,12/12/16,10:01:51,62.130000000,100
US1.MSFT,0,12/12/16,10:01:55,62.140000000,100
US1.MSFT,0,12/12/16,10:01:55,62.140000000,100
US1.MSFT,0,12/12/16,10:01:55,62.140000000,200
US1.MSFT,0,12/12/16,10:01:55,62.140000000,100
US1.MSFT,0,12/12/16,10:01:55,62.140000000,100
US1.MSFT,0,12/12/16,10:01:55,62.140000000,100
US1.MSFT,0,12/12/16,10:01:55,62.140000000,100
US1.MSFT,0,12/12/16,10:01:55,62.140000000,100
US1.MSFT,0,12/12/16,10:01:55,62.150000000,100
US1.MSFT,0,12/12/16,10:01:55,62.150000000,100
US1.MSFT,0,12/12/16,10:01:55,62.150000000,100
US1.MSFT,0,12/12/16,10:01:55,62.150000000,100
US1.MSFT,0,12/12/16,10:01:55,62.150000000,100
US1.MSFT,0,12/12/16,10:01:55,62.150000000,100
US1.MSFT,0,12/12/16,10:01:55,62.150000000,100
US1.MSFT,0,12/12/16,10:01:56,62.140000000,100
US1.MSFT,0,12/12/16,10:01:56,62.130000000,100
US1.MSFT,0,12/12/16,10:01:57,62.130000000,100
US1.MSFT,0,12/12/16,10:01:58,62.120000000,100
US1.MSFT,0,12/12/16,10:01:58,62.120000000,100
US1.MSFT,0,12/12/16,10:01:58,62.120000000,100
US1.MSFT,0,12/12/16,10:01:58,62.120000000,100
US1.MSFT,0,12/12/16,10:02:00,62.110000000,100
US1.MSFT,0,12/12/16,10:02:04,62.110000000,100
US1.MSFT,0,12/12/16,10:02:04,62.110000000,100
US1.MSFT,0,12/12/16,10:02:05,62.105000000,100
US1.MSFT,0,12/12/16,10:02:06,62.100000000,100
US1.MSFT,0,12/12/16,10:02:06,62.100000000,100
US1.MSFT,0,12/12/16,10:02:06,62.095000000,100
US1.MSFT,0,12/12/16,10:02:06,62.090000000,100
US1.MSFT,0,12/12/16,10:02:06,62.090000000,100
US1.MSFT,0,12/12/16,10:02:06,62.090000000,100
US1.MSFT,0,12/12/16,10:02:06,62.090000000,100
US1.MSFT,0,12/12/16,10:02:06,62.090000000,100
US1.MSFT,0,12/12/16,10:02:06,62.090000000,100
US1.MSFT,0,12/12/16,10:02:06,62.090000000,100
US1.MSFT,0,12/12/16,10:02:06,62.090000000,100
US1.MSFT,0,12/12/16,10:02:06,62.090000000,100
US1.MSFT,0,12/12/16,10:02:06,62.090000000,100
US1.MSFT,0,12/12/16,10:02:06,62.090000000,200
US1.MSFT,0,12/12/16,10:02:06,62.090000000,100
US1.MSFT,0,12/12/16,10:02:06,62.090000000,100
US1.MSFT,0,12/12/16,10:02:07,62.090000000,200
US1.MSFT,0,12/12/16,10:02:07,62.090000000,200
US1.MSFT,0,12/12/16,10:02:07,62.090000000,100
US1.MSFT,0,12/12/16,10:02:07,62.090000000,100
US1.MSFT,0,12/12/16,10:02:07,62.090000000,100
US1.MSFT,0,12/12/16,10:02:07,62.090000000,100
US1.MSFT,0,12/12/16,10:02:07,62.090000000,100
US1.MSFT,0,12/12/16,10:02:07,62.090000000,100
US1.MSFT,0,12/12/16,10:02:07,62.090000000,200
US1.MSFT,0,12/12/16,10:02:07,62.090000000,100
US1.MSFT,0,12/12/16,10:02:07,62.090000000,100
US1.MSFT,0,12/12/16,10:02:07,62.090000000,100
US1.MSFT,0,12/12/16,10:02:07,62.090000000,100
US1.MSFT,0,12/12/16,10:02:08,62.090000000,200
US1.MSFT,0,12/12/16,10:02:08,62.090000000,100
US1.MSFT,0,12/12/16,10:02:08,62.090000000,100
US1.MSFT,0,12/12/16,10:02:09,62.080000000,100
US1.MSFT,0,12/12/16,10:02:11,62.070000000,100
US1.MSFT,0,12/12/16,10:02:11,62.075000000,100
US1.MSFT,0,12/12/16,10:02:11,62.070000000,100
US1.MSFT,0,12/12/16,10:02:11,62.070000000,100
US1.MSFT,0,12/12/16,10:02:11,62.070000000,100
US1.MSFT,0,12/12/16,10:02:11,62.070000000,100
US1.MSFT,0,12/12/16,10:02:11,62.070000000,100
US1.MSFT,0,12/12/16,10:02:11,62.070000000,100
US1.MSFT,0,12/12/16,10:02:11,62.070000000,100
US1.MSFT,0,12/12/16,10:02:11,62.070000000,100
US1.MSFT,0,12/12/16,10:02:11,62.070000000,200
US1.MSFT,0,12/12/16,10:02:11,62.070000000,100
US1.MSFT,0,12/12/16,10:02:11,62.070000000,100
US1.MSFT,0,12/12/16,10:02:11,62.070000000,100
US1.MSFT,0,12/12/16,10:02:11,62.070000000,100
US1.MSFT,0,12/12/16,10:02:13,62.080000000,100
US1.MSFT,0,12/12/16,10:02:13,62.080000000,100
US1.MSFT,0,12/12/16,10:02:13,62.080000000,100
US1.MSFT,0,12/12/16,10:02:13,62.080000000,100
US1.MSFT,0,12/12/16,10:02:13,62.080000000,100
US1.MSFT,0,12/12/16,10:02:13,62.080000000,100
US1.MSFT,0,12/12/16,10:02:14,62.080000000,100
US1.MSFT,0,12/12/16,10:02:14,62.080000000,100
US1.MSFT,0,12/12/16,10:02:14,62.080000000,100
US1.MSFT,0,12/12/16,10:02:14,62.080000000,100
US1.MSFT,0,12/12/16,10:02:14,62.080000000,100
US1.MSFT,0,12/12/16,10:02:14,62.080000000,100
US1.MSFT,0,12/12/16,10:02:14,62.080000000,100
US1.MSFT,0,12/12/16,10:02:14,62.090000000,100
US1.MSFT,0,12/12/16,10:02:14,62.090000000,100
US1.MSFT,0,12/12/16,10:02:14,62.090000000,100
US1.MSFT,0,12/12/16,10:02:14,62.090000000,100
US1.MSFT,0,12/12/16,10:02:14,62.090000000,100
US1.MSFT,0,12/12/16,10:02:14,62.090000000,100
US1.MSFT,0,12/12/16,10:02:14,62.090000000,100
US1.MSFT,0,12/12/16,10:02:14,62.090000000,100
US1.MSFT,0,12/12/16,10:02:14,62.100000000,100
US1.MSFT,0,12/12/16,10:02:16,62.100000000,100
US1.MSFT,0,12/12/16,10:02:17,62.110000000,100
US1.MSFT,0,12/12/16,10:02:17,62.110000000,100
US1.MSFT,0,12/12/16,10:02:17,62.110000000,100
US1.MSFT,0,12/12/16,10:02:17,62.110000000,100
US1.MSFT,0,12/12/16,10:02:20,62.100000000,100
US1.MSFT,0,12/12/16,10:02:21,62.100000000,100
US1.MSFT,0,12/12/16,10:02:22,62.110000000,100
US1.MSFT,0,12/12/16,10:02:22,62.110000000,100
US1.MSFT,0,12/12/16,10:02:25,62.110000000,100
US1.MSFT,0,12/12/16,10:02:25,62.110000000,100
US1.MSFT,0,12/12/16,10:02:33,62.120000000,100
US1.MSFT,0,12/12/16,10:02:33,62.120000000,100
US1.MSFT,0,12/12/16,10:02:33,62.120000000,100
US1.MSFT,0,12/12/16,10:02:34,62.130000000,100
US1.MSFT,0,12/12/16,10:02:34,62.130000000,100
US1.MSFT,0,12/12/16,10:02:34,62.130000000,100
US1.MSFT,0,12/12/16,10:02:34,62.130000000,200
US1.MSFT,0,12/12/16,10:02:35,62.140000000,100
US1.MSFT,0,12/12/16,10:02:36,62.140000000,100
US1.MSFT,0,12/12/16,10:02:38,62.140000000,100
US1.MSFT,0,12/12/16,10:02:44,62.130000000,100
US1.MSFT,0,12/12/16,10:02:44,62.130000000,400
US1.MSFT,0,12/12/16,10:02:47,62.120000000,100
US1.MSFT,0,12/12/16,10:02:47,62.120000000,100
US1.MSFT,0,12/12/16,10:02:47,62.120000000,100
US1.MSFT,0,12/12/16,10:02:50,62.125000000,100
US1.MSFT,0,12/12/16,10:02:50,62.125000000,100
US1.MSFT,0,12/12/16,10:02:50,62.125000000,100
US1.MSFT,0,12/12/16,10:02:50,62.125000000,135
US1.MSFT,0,12/12/16,10:02:50,62.125000000,100
US1.MSFT,0,12/12/16,10:02:50,62.130000000,100
US1.MSFT,0,12/12/16,10:02:53,62.135000000,100
US1.MSFT,0,12/12/16,10:02:55,62.130000000,100
US1.MSFT,0,12/12/16,10:02:55,62.130000000,100
US1.MSFT,0,12/12/16,10:02:55,62.130000000,100
US1.MSFT,0,12/12/16,10:02:55,62.130000000,100
US1.MSFT,0,12/12/16,10:02:55,62.130000000,100
US1.MSFT,0,12/12/16,10:02:55,62.130000000,100
US1.MSFT,0,12/12/16,10:02:55,62.130000000,100
US1.MSFT,0,12/12/16,10:02:56,62.120000000,100
US1.MSFT,0,12/12/16,10:03:02,62.120000000,100
US1.MSFT,0,12/12/16,10:03:03,62.100000000,100
US1.MSFT,0,12/12/16,10:03:06,62.100000000,100
US1.MSFT,0,12/12/16,10:03:19,62.090000000,100
US1.MSFT,0,12/12/16,10:03:19,62.090000000,100
US1.MSFT,0,12/12/16,10:03:24,62.100000000,100
US1.MSFT,0,12/12/16,10:03:25,62.100000000,541
US1.MSFT,0,12/12/16,10:03:25,62.100000000,100
US1.MSFT,0,12/12/16,10:03:25,62.100000000,200
US1.MSFT,0,12/12/16,10:03:25,62.110000000,100
US1.MSFT,0,12/12/16,10:03:25,62.110000000,100
US1.MSFT,0,12/12/16,10:03:25,62.110000000,100
US1.MSFT,0,12/12/16,10:03:25,62.110000000,100
US1.MSFT,0,12/12/16,10:03:25,62.110000000,100
US1.MSFT,0,12/12/16,10:03:25,62.110000000,100
US1.MSFT,0,12/12/16,10:03:27,62.110000000,400
US1.MSFT,0,12/12/16,10:03:28,62.110000000,100
US1.MSFT,0,12/12/16,10:03:28,62.110000000,100
US1.MSFT,0,12/12/16,10:03:31,62.100000000,100
US1.MSFT,0,12/12/16,10:03:31,62.100000000,100
US1.MSFT,0,12/12/16,10:03:31,62.100000000,100
US1.MSFT,0,12/12/16,10:03:31,62.100000000,100
US1.MSFT,0,12/12/16,10:03:31,62.100000000,100
US1.MSFT,0,12/12/16,10:03:31,62.100000000,100
US1.MSFT,0,12/12/16,10:03:34,62.100000000,100
US1.MSFT,0,12/12/16,10:03:36,62.110000000,100
US1.MSFT,0,12/12/16,10:03:40,62.100000000,100
US1.MSFT,0,12/12/16,10:03:47,62.095000000,100
US1.MSFT,0,12/12/16,10:03:49,62.100000000,100
US1.MSFT,0,12/12/16,10:03:49,62.100000000,100
US1.MSFT,0,12/12/16,10:03:53,62.090000000,100
US1.MSFT,0,12/12/16,10:03:53,62.090000000,100
US1.MSFT,0,12/12/16,10:03:53,62.090000000,100
US1.MSFT,0,12/12/16,10:03:55,62.090000000,100
US1.MSFT,0,12/12/16,10:03:55,62.090000000,100
US1.MSFT,0,12/12/16,10:03:55,62.090000000,300
US1.MSFT,0,12/12/16,10:03:55,62.100000000,100
US1.MSFT,0,12/12/16,10:03:55,62.100000000,100
US1.MSFT,0,12/12/16,10:04:04,62.090000000,200
US1.MSFT,0,12/12/16,10:04:05,62.100000000,100
US1.MSFT,0,12/12/16,10:04:05,62.100000000,100
US1.MSFT,0,12/12/16,10:04:08,62.110000000,100
US1.MSFT,0,12/12/16,10:04:08,62.110000000,100
US1.MSFT,0,12/12/16,10:04:08,62.110000000,100
US1.MSFT,0,12/12/16,10:04:12,62.100000000,100
US1.MSFT,0,12/12/16,10:04:12,62.100000000,100
US1.MSFT,0,12/12/16,10:04:12,62.100000000,100
US1.MSFT,0,12/12/16,10:04:12,62.100000000,200
US1.MSFT,0,12/12/16,10:04:16,62.100000000,100
US1.MSFT,0,12/12/16,10:04:17,62.110000000,100
US1.MSFT,0,12/12/16,10:04:23,62.100000000,100
US1.MSFT,0,12/12/16,10:04:23,62.100000000,100
US1.MSFT,0,12/12/16,10:04:23,62.100000000,100
US1.MSFT,0,12/12/16,10:04:23,62.100000000,100
US1.MSFT,0,12/12/16,10:04:33,62.100000000,100
US1.MSFT,0,12/12/16,10:04:33,62.100000000,100
US1.MSFT,0,12/12/16,10:04:34,62.100000000,100
US1.MSFT,0,12/12/16,10:04:42,62.080000000,100
US1.MSFT,0,12/12/16,10:04:43,62.080000000,100
US1.MSFT,0,12/12/16,10:04:43,62.080000000,100
US1.MSFT,0,12/12/16,10:04:45,62.070000000,100
US1.MSFT,0,12/12/16,10:04:47,62.060000000,100
US1.MSFT,0,12/12/16,10:04:48,62.055000000,100
US1.MSFT,0,12/12/16,10:04:48,62.055000000,100
US1.MSFT,0,12/12/16,10:04:48,62.055000000,200
US1.MSFT,0,12/12/16,10:04:48,62.050000000,100
US1.MSFT,0,12/12/16,10:04:59,62.040000000,100
US1.MSFT,0,12/12/16,10:04:59,62.040000000,100
US1.MSFT,0,12/12/16,10:05:03,62.050000000,100
US1.MSFT,0,12/12/16,10:05:08,62.030000000,100
US1.MSFT,0,12/12/16,10:05:08,62.030000000,100
US1.MSFT,0,12/12/16,10:05:08,62.030000000,100
US1.MSFT,0,12/12/16,10:05:09,62.030000000,100
US1.MSFT,0,12/12/16,10:05:12,62.020000000,100
US1.MSFT,0,12/12/16,10:05:13,62.020000000,100
US1.MSFT,0,12/12/16,10:05:15,62.020000000,100
US1.MSFT,0,12/12/16,10:05:22,62.000000000,100
US1.MSFT,0,12/12/16,10:05:22,62.000000000,100
US1.MSFT,0,12/12/16,10:05:22,62.000000000,100
US1.MSFT,0,12/12/16,10:05:24,62.000000000,100
US1.MSFT,0,12/12/16,10:05:32,62.000000000,200
US1.MSFT,0,12/12/16,10:05:32,62.000000000,100
US1.MSFT,0,12/12/16,10:05:32,62.000000000,100
US1.MSFT,0,12/12/16,10:05:32,62.000000000,100
US1.MSFT,0,12/12/16,10:05:35,62.010000000,100
US1.MSFT,0,12/12/16,10:05:35,62.010000000,100
US1.MSFT,0,12/12/16,10:05:35,62.010000000,100
US1.MSFT,0,12/12/16,10:05:35,62.010000000,100
US1.MSFT,0,12/12/16,10:05:37,62.020000000,100
US1.MSFT,0,12/12/16,10:05:37,62.020000000,100
US1.MSFT,0,12/12/16,10:05:37,62.020000000,100
US1.MSFT,0,12/12/16,10:05:45,62.010000000,100
US1.MSFT,0,12/12/16,10:05:52,62.000000000,200
US1.MSFT,0,12/12/16,10:05:52,62.000000000,200
US1.MSFT,0,12/12/16,10:05:53,62.000000000,100
US1.MSFT,0,12/12/16,10:05:53,62.000000000,100
US1.MSFT,0,12/12/16,10:05:53,62.000000000,100
US1.MSFT,0,12/12/16,10:05:53,62.000000000,100
US1.MSFT,0,12/12/16,10:05:53,62.000000000,200
US1.MSFT,0,12/12/16,10:05:53,62.000000000,100
US1.MSFT,0,12/12/16,10:05:53,61.995000000,100
US1.MSFT,0,12/12/16,10:05:53,61.990000000,100
US1.MSFT,0,12/12/16,10:05:53,61.995000000,100
US1.MSFT,0,12/12/16,10:05:53,62.000000000,200
US1.MSFT,0,12/12/16,10:05:54,62.010000000,100
US1.MSFT,0,12/12/16,10:05:54,62.010000000,100
US1.MSFT,0,12/12/16,10:05:55,62.020000000,100
US1.MSFT,0,12/12/16,10:05:55,62.020000000,100
US1.MSFT,0,12/12/16,10:05:58,62.020000000,100
US1.MSFT,0,12/12/16,10:05:58,62.020000000,100
US1.MSFT,0,12/12/16,10:06:09,62.015000000,100
US1.MSFT,0,12/12/16,10:06:10,62.010000000,100
US1.MSFT,0,12/12/16,10:06:10,62.010000000,100
US1.MSFT,0,12/12/16,10:06:10,62.010000000,100
US1.MSFT,0,12/12/16,10:06:10,62.010000000,100
US1.MSFT,0,12/12/16,10:06:11,62.010000000,100
US1.MSFT,0,12/12/16,10:06:13,62.010000000,100
US1.MSFT,0,12/12/16,10:06:14,62.000000000,100
US1.MSFT,0,12/12/16,10:06:14,62.000000000,100
US1.MSFT,0,12/12/16,10:06:22,62.010000000,100
US1.MSFT,0,12/12/16,10:06:28,62.010000000,100
US1.MSFT,0,12/12/16,10:06:28,62.000000000,100
US1.MSFT,0,12/12/16,10:06:28,62.000000000,100
US1.MSFT,0,12/12/16,10:06:28,62.000000000,100
US1.MSFT,0,12/12/16,10:06:28,62.000000000,100
US1.MSFT,0,12/12/16,10:06:30,62.000000000,100
US1.MSFT,0,12/12/16,10:06:30,62.000000000,100
US1.MSFT,0,12/12/16,10:06:30,62.000000000,100
US1.MSFT,0,12/12/16,10:06:30,62.000000000,100
US1.MSFT,0,12/12/16,10:06:30,62.000000000,100
US1.MSFT,0,12/12/16,10:06:30,62.000000000,300
US1.MSFT,0,12/12/16,10:06:31,62.000000000,200
US1.MSFT,0,12/12/16,10:06:31,62.000000000,100
US1.MSFT,0,12/12/16,10:06:31,62.000000000,100
US1.MSFT,0,12/12/16,10:06:31,62.000000000,100
US1.MSFT,0,12/12/16,10:06:31,62.000000000,100
US1.MSFT,0,12/12/16,10:06:31,62.000000000,100
US1.MSFT,0,12/12/16,10:06:31,62.000000000,100
US1.MSFT,0,12/12/16,10:06:32,61.995000000,300
US1.MSFT,0,12/12/16,10:06:32,61.995000000,100
US1.MSFT,0,12/12/16,10:06:32,61.995000000,100
US1.MSFT,0,12/12/16,10:06:33,62.000000000,100
US1.MSFT,0,12/12/16,10:06:37,62.000000000,200
US1.MSFT,0,12/12/16,10:06:37,62.000000000,100
US1.MSFT,0,12/12/16,10:06:38,62.000000000,100
US1.MSFT,0,12/12/16,10:06:38,62.000000000,100
US1.MSFT,0,12/12/16,10:06:38,62.000000000,100
US1.MSFT,0,12/12/16,10:06:40,62.010000000,100
US1.MSFT,0,12/12/16,10:06:41,62.010000000,100
US1.MSFT,0,12/12/16,10:06:44,62.010000000,100
US1.MSFT,0,12/12/16,10:06:57,62.020000000,200
US1.MSFT,0,12/12/16,10:07:02,62.020000000,100
US1.MSFT,0,12/12/16,10:07:05,62.040000000,100
US1.MSFT,0,12/12/16,10:07:05,62.040000000,100
US1.MSFT,0,12/12/16,10:07:06,62.040000000,100
US1.MSFT,0,12/12/16,10:07:06,62.040000000,100
US1.MSFT,0,12/12/16,10:07:06,62.040000000,100
US1.MSFT,0,12/12/16,10:07:09,62.040000000,100
US1.MSFT,0,12/12/16,10:07:09,62.040000000,100
US1.MSFT,0,12/12/16,10:07:09,62.040000000,200
US1.MSFT,0,12/12/16,10:07:09,62.040000000,100
US1.MSFT,0,12/12/16,10:07:09,62.040000000,100
US1.MSFT,0,12/12/16,10:07:09,62.040000000,100
US1.MSFT,0,12/12/16,10:07:09,62.040000000,100
US1.MSFT,0,12/12/16,10:07:09,62.040000000,100
US1.MSFT,0,12/12/16,10:07:12,62.025000000,100
US1.MSFT,0,12/12/16,10:07:24,62.030000000,100
US1.MSFT,0,12/12/16,10:07:31,62.035000000,100
US1.MSFT,0,12/12/16,10:07:31,62.040000000,100
US1.MSFT,0,12/12/16,10:07:31,62.050000000,100
US1.MSFT,0,12/12/16,10:07:31,62.050000000,100
US1.MSFT,0,12/12/16,10:07:31,62.050000000,100
US1.MSFT,0,12/12/16,10:07:31,62.050000000,100
US1.MSFT,0,12/12/16,10:07:34,62.050000000,100
US1.MSFT,0,12/12/16,10:07:35,62.040000000,100
US1.MSFT,0,12/12/16,10:07:36,62.050000000,100
US1.MSFT,0,12/12/16,10:07:36,62.050000000,100
US1.MSFT,0,12/12/16,10:07:36,62.050000000,100
US1.MSFT,0,12/12/16,10:07:36,62.050000000,100
US1.MSFT,0,12/12/16,10:07:38,62.060000000,100
US1.MSFT,0,12/12/16,10:07:38,62.060000000,100
US1.MSFT,0,12/12/16,10:07:41,62.050000000,100
US1.MSFT,0,12/12/16,10:07:48,62.040000000,100
US1.MSFT,0,12/12/16,10:07:48,62.040000000,100
US1.MSFT,0,12/12/16,10:07:48,62.040000000,100
US1.MSFT,0,12/12/16,10:07:48,62.040000000,100
US1.MSFT,0,12/12/16,10:07:48,62.040000000,100
US1.MSFT,0,12/12/16,10:07:48,62.040000000,100
US1.MSFT,0,12/12/16,10:08:07,62.050000000,100
US1.MSFT,0,12/12/16,10:08:07,62.050000000,100
US1.MSFT,0,12/12/16,10:08:07,62.050000000,100
US1.MSFT,0,12/12/16,10:08:09,62.050000000,100
US1.MSFT,0,12/12/16,10:08:09,62.050000000,100
US1.MSFT,0,12/12/16,10:08:09,62.050000000,100
US1.MSFT,0,12/12/16,10:08:25,62.050000000,100
US1.MSFT,0,12/12/16,10:08:26,62.060000000,100
US1.MSFT,0,12/12/16,10:08:26,62.060000000,100
US1.MSFT,0,12/12/16,10:08:26,62.060000000,100
US1.MSFT,0,12/12/16,10:08:26,62.060000000,100
US1.MSFT,0,12/12/16,10:08:26,62.060000000,100
US1.MSFT,0,12/12/16,10:08:27,62.055000000,100
US1.MSFT,0,12/12/16,10:08:36,62.070000000,100
US1.MSFT,0,12/12/16,10:08:36,62.070000000,100
US1.MSFT,0,12/12/16,10:08:36,62.070000000,300
US1.MSFT,0,12/12/16,10:08:38,62.070000000,100
US1.MSFT,0,12/12/16,10:08:41,62.070000000,100
US1.MSFT,0,12/12/16,10:08:43,62.065000000,100
US1.MSFT,0,12/12/16,10:08:44,62.060000000,100
US1.MSFT,0,12/12/16,10:08:44,62.060000000,100
US1.MSFT,0,12/12/16,10:08:44,62.060000000,100
US1.MSFT,0,12/12/16,10:08:44,62.060000000,100
US1.MSFT,0,12/12/16,10:08:45,62.050000000,100
US1.MSFT,0,12/12/16,10:08:45,62.050000000,100
US1.MSFT,0,12/12/16,10:08:45,62.050000000,100
US1.MSFT,0,12/12/16,10:08:45,62.050000000,100
US1.MSFT,0,12/12/16,10:08:45,62.050000000,100
US1.MSFT,0,12/12/16,10:08:45,62.050000000,100
US1.MSFT,0,12/12/16,10:08:49,62.040000000,100
US1.MSFT,0,12/12/16,10:08:50,62.030000000,100
US1.MSFT,0,12/12/16,10:08:50,62.030000000,100
US1.MSFT,0,12/12/16,10:08:51,62.030000000,100
US1.MSFT,0,12/12/16,10:08:51,62.030000000,100
US1.MSFT,0,12/12/16,10:08:54,62.020000000,100
US1.MSFT,0,12/12/16,10:08:55,62.020000000,100
US1.MSFT,0,12/12/16,10:09:03,62.020000000,100
US1.MSFT,0,12/12/16,10:09:03,62.020000000,100
US1.MSFT,0,12/12/16,10:09:03,62.020000000,100
US1.MSFT,0,12/12/16,10:09:03,62.020000000,100
US1.MSFT,0,12/12/16,10:09:03,62.020000000,100
US1.MSFT,0,12/12/16,10:09:03,62.030000000,100
US1.MSFT,0,12/12/16,10:09:03,62.030000000,100
US1.MSFT,0,12/12/16,10:09:03,62.030000000,100
US1.MSFT,0,12/12/16,10:09:03,62.030000000,100
US1.MSFT,0,12/12/16,10:09:05,62.040000000,100
US1.MSFT,0,12/12/16,10:09:07,62.050000000,100
US1.MSFT,0,12/12/16,10:09:07,62.050000000,100
US1.MSFT,0,12/12/16,10:09:14,62.050000000,100
US1.MSFT,0,12/12/16,10:09:16,62.040000000,100
US1.MSFT,0,12/12/16,10:09:16,62.040000000,100
US1.MSFT,0,12/12/16,10:09:16,62.040000000,100
US1.MSFT,0,12/12/16,10:09:16,62.040000000,100
US1.MSFT,0,12/12/16,10:09:16,62.040000000,100
US1.MSFT,0,12/12/16,10:09:22,62.030000000,100
US1.MSFT,0,12/12/16,10:09:22,62.030000000,100
US1.MSFT,0,12/12/16,10:09:22,62.030000000,100
US1.MSFT,0,12/12/16,10:09:24,62.030000000,100
US1.MSFT,0,12/12/16,10:09:24,62.030000000,100
US1.MSFT,0,12/12/16,10:09:24,62.030000000,100
US1.MSFT,0,12/12/16,10:09:24,62.030000000,100
US1.MSFT,0,12/12/16,10:09:24,62.030000000,100
US1.MSFT,0,12/12/16,10:09:33,62.040000000,100
US1.MSFT,0,12/12/16,10:09:33,62.040000000,100
US1.MSFT,0,12/12/16,10:09:33,62.040000000,100
US1.MSFT,0,12/12/16,10:09:33,62.040000000,100
US1.MSFT,0,12/12/16,10:09:44,62.020000000,100
US1.MSFT,0,12/12/16,10:09:46,62.020000000,100
US1.MSFT,0,12/12/16,10:09:51,62.000000000,300
US1.MSFT,0,12/12/16,10:09:51,62.000000000,100
US1.MSFT,0,12/12/16,10:09:53,62.010000000,100
US1.MSFT,0,12/12/16,10:09:53,62.010000000,100
US1.MSFT,0,12/12/16,10:09:53,62.010000000,100
US1.MSFT,0,12/12/16,10:09:53,62.010000000,100
US1.MSFT,0,12/12/16,10:09:53,62.010000000,100
US1.MSFT,0,12/12/16,10:09:59,62.030000000,100
US1.MSFT,0,12/12/16,10:09:59,62.040000000,1694
US1.MSFT,0,12/12/16,10:09:59,62.040000000,306
US1.MSFT,0,12/12/16,10:10:07,62.040000000,180
US1.MSFT,0,12/12/16,10:10:07,62.040000000,554
US1.MSFT,0,12/12/16,10:10:07,62.040000000,300
US1.MSFT,0,12/12/16,10:10:07,62.040000000,100
US1.MSFT,0,12/12/16,10:10:08,62.040000000,100
US1.MSFT,0,12/12/16,10:10:08,62.040000000,100
US1.MSFT,0,12/12/16,10:10:08,62.040000000,100
US1.MSFT,0,12/12/16,10:10:09,62.035000000,100
US1.MSFT,0,12/12/16,10:10:14,62.030000000,200
US1.MSFT,0,12/12/16,10:10:20,62.010000000,100
US1.MSFT,0,12/12/16,10:10:20,62.010000000,100
US1.MSFT,0,12/12/16,10:10:22,62.000000000,100
US1.MSFT,0,12/12/16,10:10:23,62.000000000,100
US1.MSFT,0,12/12/16,10:10:23,62.000000000,300
US1.MSFT,0,12/12/16,10:10:23,61.995000000,100
US1.MSFT,0,12/12/16,10:10:25,62.000000000,100
US1.MSFT,0,12/12/16,10:10:36,62.000000000,100
US1.MSFT,0,12/12/16,10:10:41,62.000000000,100
US1.MSFT,0,12/12/16,10:10:44,61.995000000,100
US1.MSFT,0,12/12/16,10:10:44,61.995000000,100
US1.MSFT,0,12/12/16,10:10:44,61.995000000,100
US1.MSFT,0,12/12/16,10:10:46,61.995000000,200
US1.MSFT,0,12/12/16,10:10:46,61.995000000,100
US1.MSFT,0,12/12/16,10:10:48,61.995000000,100
US1.MSFT,0,12/12/16,10:10:48,61.995000000,200
US1.MSFT,0,12/12/16,10:10:48,61.995000000,100
US1.MSFT,0,12/12/16,10:10:52,61.990000000,100
US1.MSFT,0,12/12/16,10:10:52,61.990000000,100
US1.MSFT,0,12/12/16,10:10:52,61.990000000,1200
US1.MSFT,0,12/12/16,10:10:52,62.000000000,100
US1.MSFT,0,12/12/16,10:10:52,62.000000000,100
US1.MSFT,0,12/12/16,10:10:52,62.000000000,100
US1.MSFT,0,12/12/16,10:10:52,62.000000000,100
US1.MSFT,0,12/12/16,10:10:52,62.000000000,100
US1.MSFT,0,12/12/16,10:10:53,62.010000000,300
US1.MSFT,0,12/12/16,10:11:01,62.000000000,100
US1.MSFT,0,12/12/16,10:11:01,62.000000000,100
US1.MSFT,0,12/12/16,10:11:01,61.995000000,100
US1.MSFT,0,12/12/16,10:11:01,61.995000000,100
US1.MSFT,0,12/12/16,10:11:01,61.995000000,100
US1.MSFT,0,12/12/16,10:11:02,62.000000000,100
US1.MSFT,0,12/12/16,10:11:10,62.000000000,100
US1.MSFT,0,12/12/16,10:11:18,62.000000000,100
US1.MSFT,0,12/12/16,10:11:18,62.000000000,100
US1.MSFT,0,12/12/16,10:11:18,62.000000000,100
US1.MSFT,0,12/12/16,10:11:24,61.995000000,100
US1.MSFT,0,12/12/16,10:11:27,62.000000000,300
US1.MSFT,0,12/12/16,10:11:31,62.005000000,200
US1.MSFT,0,12/12/16,10:11:31,62.010000000,100
US1.MSFT,0,12/12/16,10:11:31,62.010000000,100
US1.MSFT,0,12/12/16,10:11:31,62.010000000,100
US1.MSFT,0,12/12/16,10:11:31,62.010000000,100
US1.MSFT,0,12/12/16,10:11:31,62.010000000,100
US1.MSFT,0,12/12/16,10:11:31,62.010000000,100
US1.MSFT,0,12/12/16,10:11:40,62.020000000,128
US1.MSFT,0,12/12/16,10:11:40,62.020000000,100
US1.MSFT,0,12/12/16,10:11:46,62.025000000,100
US1.MSFT,0,12/12/16,10:11:51,62.020000000,100
US1.MSFT,0,12/12/16,10:11:59,62.010000000,100
US1.MSFT,0,12/12/16,10:11:59,62.010000000,100
US1.MSFT,0,12/12/16,10:11:59,62.010000000,100
US1.MSFT,0,12/12/16,10:11:59,62.010000000,100
US1.MSFT,0,12/12/16,10:11:59,62.010000000,100
US1.MSFT,0,12/12/16,10:11:59,62.010000000,100
US1.MSFT,0,12/12/16,10:12:18,62.010000000,100
US1.MSFT,0,12/12/16,10:12:18,62.010000000,100
US1.MSFT,0,12/12/16,10:12:18,62.010000000,100
US1.MSFT,0,12/12/16,10:12:22,62.020000000,111
US1.MSFT,0,12/12/16,10:12:22,62.030000000,100
US1.MSFT,0,12/12/16,10:12:30,62.040000000,100
US1.MSFT,0,12/12/16,10:12:32,62.040000000,100
US1.MSFT,0,12/12/16,10:12:33,62.040000000,100
US1.MSFT,0,12/12/16,10:12:33,62.040000000,100
US1.MSFT,0,12/12/16,10:12:41,62.040000000,100
US1.MSFT,0,12/12/16,10:12:41,62.040000000,100
US1.MSFT,0,12/12/16,10:12:56,62.030000000,100
US1.MSFT,0,12/12/16,10:12:56,62.030000000,100
US1.MSFT,0,12/12/16,10:12:56,62.025000000,100
US1.MSFT,0,12/12/16,10:13:00,62.010000000,200
US1.MSFT,0,12/12/16,10:13:03,62.000000000,150
US1.MSFT,0,12/12/16,10:13:03,62.000000000,200
US1.MSFT,0,12/12/16,10:13:13,62.000000000,100
US1.MSFT,0,12/12/16,10:13:13,62.000000000,100
US1.MSFT,0,12/12/16,10:13:20,62.000000000,100
US1.MSFT,0,12/12/16,10:13:20,62.000000000,100
US1.MSFT,0,12/12/16,10:13:23,62.000000000,200
US1.MSFT,0,12/12/16,10:13:23,62.000000000,100
US1.MSFT,0,12/12/16,10:13:25,61.990000000,100
US1.MSFT,0,12/12/16,10:13:27,61.975000000,100
US1.MSFT,0,12/12/16,10:13:27,61.975000000,100
US1.MSFT,0,12/12/16,10:13:27,61.980000000,300
US1.MSFT,0,12/12/16,10:13:27,61.980000000,200
US1.MSFT,0,12/12/16,10:13:27,61.990000000,100
US1.MSFT,0,12/12/16,10:13:27,61.990000000,100
US1.MSFT,0,12/12/16,10:13:27,61.990000000,100
US1.MSFT,0,12/12/16,10:13:27,61.990000000,100
US1.MSFT,0,12/12/16,10:13:27,61.990000000,100
US1.MSFT,0,12/12/16,10:13:27,61.990000000,100
US1.MSFT,0,12/12/16,10:13:27,61.990000000,100
US1.MSFT,0,12/12/16,10:13:27,61.990000000,200
US1.MSFT,0,12/12/16,10:13:27,61.990000000,100
US1.MSFT,0,12/12/16,10:13:27,61.990000000,100
US1.MSFT,0,12/12/16,10:13:27,61.990000000,100
US1.MSFT,0,12/12/16,10:13:27,61.990000000,100
US1.MSFT,0,12/12/16,10:13:29,61.970000000,100
US1.MSFT,0,12/12/16,10:13:34,61.965000000,100
US1.MSFT,0,12/12/16,10:13:38,61.955000000,100
US1.MSFT,0,12/12/16,10:13:38,61.960000000,200
US1.MSFT,0,12/12/16,10:13:38,61.960000000,100
US1.MSFT,0,12/12/16,10:13:39,61.970000000,100
US1.MSFT,0,12/12/16,10:13:39,61.970000000,100
US1.MSFT,0,12/12/16,10:13:39,61.970000000,100
US1.MSFT,0,12/12/16,10:13:39,61.970000000,100
US1.MSFT,0,12/12/16,10:13:39,61.970000000,100
US1.MSFT,0,12/12/16,10:13:42,61.960000000,100
US1.MSFT,0,12/12/16,10:13:44,61.970000000,100
US1.MSFT,0,12/12/16,10:13:45,61.990000000,100
US1.MSFT,0,12/12/16,10:13:45,61.990000000,100
US1.MSFT,0,12/12/16,10:13:45,61.990000000,100
US1.MSFT,0,12/12/16,10:13:45,61.990000000,145
US1.MSFT,0,12/12/16,10:13:45,61.990000000,100
US1.MSFT,0,12/12/16,10:13:45,61.990000000,100
US1.MSFT,0,12/12/16,10:13:45,61.990000000,300
US1.MSFT,0,12/12/16,10:13:54,61.980000000,100
US1.MSFT,0,12/12/16,10:13:54,61.980000000,100
US1.MSFT,0,12/12/16,10:13:54,61.980000000,100
US1.MSFT,0,12/12/16,10:13:54,61.980000000,100
US1.MSFT,0,12/12/16,10:13:57,61.990000000,100
US1.MSFT,0,12/12/16,10:14:06,61.985000000,100
US1.MSFT,0,12/12/16,10:14:06,61.980000000,100
US1.MSFT,0,12/12/16,10:14:09,61.970000000,100
US1.MSFT,0,12/12/16,10:14:10,61.960000000,100
US1.MSFT,0,12/12/16,10:14:11,61.965000000,100
US1.MSFT,0,12/12/16,10:14:11,61.965000000,200
US1.MSFT,0,12/12/16,10:14:11,61.965000000,100
US1.MSFT,0,12/12/16,10:14:12,61.960000000,100
US1.MSFT,0,12/12/16,10:14:12,61.960000000,100
US1.MSFT,0,12/12/16,10:14:12,61.960000000,100
US1.MSFT,0,12/12/16,10:14:22,61.960000000,100
US1.MSFT,0,12/12/16,10:14:23,61.960000000,100
US1.MSFT,0,12/12/16,10:14:23,61.960000000,100
US1.MSFT,0,12/12/16,10:14:23,61.960000000,100
US1.MSFT,0,12/12/16,10:14:27,61.970000000,100
US1.MSFT,0,12/12/16,10:14:27,61.970000000,100
US1.MSFT,0,12/12/16,10:14:27,61.970000000,100
US1.MSFT,0,12/12/16,10:14:27,61.970000000,100
US1.MSFT,0,12/12/16,10:14:27,61.970000000,200
US1.MSFT,0,12/12/16,10:14:27,61.970000000,125
US1.MSFT,0,12/12/16,10:14:27,61.980000000,100
US1.MSFT,0,12/12/16,10:14:27,61.980000000,100
US1.MSFT,0,12/12/16,10:14:27,61.980000000,100
US1.MSFT,0,12/12/16,10:14:29,61.980000000,100
US1.MSFT,0,12/12/16,10:14:29,61.980000000,100
US1.MSFT,0,12/12/16,10:14:29,61.980000000,100
US1.MSFT,0,12/12/16,10:14:32,61.970000000,100
US1.MSFT,0,12/12/16,10:14:32,61.970000000,100
US1.MSFT,0,12/12/16,10:14:34,61.960000000,100
US1.MSFT,0,12/12/16,10:14:40,61.945000000,100
US1.MSFT,0,12/12/16,10:14:40,61.950000000,100
US1.MSFT,0,12/12/16,10:14:40,61.950000000,100
US1.MSFT,0,12/12/16,10:14:40,61.950000000,100
US1.MSFT,0,12/12/16,10:14:40,61.950000000,600
US1.MSFT,0,12/12/16,10:14:50,61.950000000,900
US1.MSFT,0,12/12/16,10:14:53,61.950000000,100
US1.MSFT,0,12/12/16,10:14:56,61.940000000,100
US1.MSFT,0,12/12/16,10:15:00,61.950000000,700
US1.MSFT,0,12/12/16,10:15:00,61.950000000,100
US1.MSFT,0,12/12/16,10:15:03,61.940000000,125
US1.MSFT,0,12/12/16,10:15:06,61.940000000,100
US1.MSFT,0,12/12/16,10:15:06,61.940000000,100
US1.MSFT,0,12/12/16,10:15:06,61.940000000,100
US1.MSFT,0,12/12/16,10:15:06,61.940000000,100
US1.MSFT,0,12/12/16,10:15:07,61.940000000,100
US1.MSFT,0,12/12/16,10:15:07,61.940000000,100
US1.MSFT,0,12/12/16,10:15:07,61.940000000,100
US1.MSFT,0,12/12/16,10:15:07,61.940000000,100
US1.MSFT,0,12/12/16,10:15:12,61.940000000,100
US1.MSFT,0,12/12/16,10:15:12,61.940000000,100
US1.MSFT,0,12/12/16,10:15:15,61.950000000,700
US1.MSFT,0,12/12/16,10:15:15,61.950000000,200
US1.MSFT,0,12/12/16,10:15:15,61.950000000,100
US1.MSFT,0,12/12/16,10:15:26,61.950000000,100
US1.MSFT,0,12/12/16,10:15:26,61.950000000,100
US1.MSFT,0,12/12/16,10:15:26,61.950000000,100
US1.MSFT,0,12/12/16,10:15:26,61.950000000,100
US1.MSFT,0,12/12/16,10:15:26,61.950000000,100
US1.MSFT,0,12/12/16,10:15:26,61.950000000,100
US1.MSFT,0,12/12/16,10:15:26,61.950000000,100
US1.MSFT,0,12/12/16,10:15:26,61.950000000,100
US1.MSFT,0,12/12/16,10:15:26,61.950000000,100
US1.MSFT,0,12/12/16,10:15:26,61.950000000,100
US1.MSFT,0,12/12/16,10:15:26,61.950000000,100
US1.MSFT,0,12/12/16,10:15:26,61.950000000,100
US1.MSFT,0,12/12/16,10:15:26,61.950000000,100
US1.MSFT,0,12/12/16,10:15:26,61.950000000,100
US1.MSFT,0,12/12/16,10:15:26,61.950000000,100
US1.MSFT,0,12/12/16,10:15:26,61.950000000,100
US1.MSFT,0,12/12/16,10:15:26,61.950000000,300
US1.MSFT,0,12/12/16,10:15:26,61.950000000,100
US1.MSFT,0,12/12/16,10:15:28,61.950000000,100
US1.MSFT,0,12/12/16,10:15:28,61.950000000,100
US1.MSFT,0,12/12/16,10:15:32,61.940000000,100
US1.MSFT,0,12/12/16,10:15:40,61.920000000,100
US1.MSFT,0,12/12/16,10:15:40,61.920000000,100
US1.MSFT,0,12/12/16,10:15:40,61.920000000,100
US1.MSFT,0,12/12/16,10:15:40,61.920000000,100
US1.MSFT,0,12/12/16,10:15:42,61.920000000,100
US1.MSFT,0,12/12/16,10:15:42,61.920000000,100
US1.MSFT,0,12/12/16,10:15:42,61.920000000,100
US1.MSFT,0,12/12/16,10:15:42,61.920000000,100
US1.MSFT,0,12/12/16,10:15:42,61.920000000,200
US1.MSFT,0,12/12/16,10:15:42,61.920000000,200
US1.MSFT,0,12/12/16,10:15:42,61.920000000,100
US1.MSFT,0,12/12/16,10:15:42,61.920000000,100
US1.MSFT,0,12/12/16,10:15:42,61.920000000,100
US1.MSFT,0,12/12/16,10:15:42,61.920000000,200
US1.MSFT,0,12/12/16,10:15:45,61.920000000,100
US1.MSFT,0,12/12/16,10:15:45,61.920000000,100
US1.MSFT,0,12/12/16,10:15:45,61.920000000,100
US1.MSFT,0,12/12/16,10:15:45,61.920000000,100
US1.MSFT,0,12/12/16,10:15:45,61.920000000,100
US1.MSFT,0,12/12/16,10:15:45,61.920000000,100
US1.MSFT,0,12/12/16,10:15:45,61.920000000,200
US1.MSFT,0,12/12/16,10:15:45,61.920000000,100
US1.MSFT,0,12/12/16,10:15:49,61.930000000,100
US1.MSFT,0,12/12/16,10:15:49,61.930000000,120
US1.MSFT,0,12/12/16,10:15:54,61.930000000,1238
